
<record>
<recordSchema>marcxml</recordSchema>
<recordPacking>xml</recordPacking>
<recordData>
<record xmlns="http://www.loc.gov/MARC21/slim">
    <leader>00000cam a2200000K  4500</leader>
    <controlfield tag="001">22828883</controlfield>
    <controlfield tag="008">901210q19001990vrac          000 0 eng d</controlfield>
    <datafield ind1="1" ind2=" " tag="100">
      <subfield code="a">Cole, E. W.</subfield>
      <subfield code="q">(Edward William),</subfield>
      <subfield code="d">1832-1918,</subfield>
      <subfield code="e">editor.</subfield>
    </datafield>
    <datafield ind1="1" ind2="0" tag="245">
      <subfield code="a">Truth ...</subfield>
      <subfield code="c">Ed. by E.W. Cole.</subfield>
    </datafield>
    <datafield ind1=" " ind2=" " tag="260">
      <subfield code="a">Melbourne</subfield>
      <subfield code="b">Cole's Book Arcade</subfield>
      <subfield code="c">[19--?]</subfield>
    </datafield>
    <datafield ind1=" " ind2=" " tag="300">
      <subfield code="a">257 pages</subfield>
      <subfield code="b">frontispiece (portrait)</subfield>
      <subfield code="c">20 cm.</subfield>
    </datafield>
    <datafield ind1="0" ind2=" " tag="490">
      <subfield code="a">Cream of human thought; or, Much-in-little library.</subfield>
      <subfield code="v">1</subfield>
    </datafield>
    <datafield ind1=" " ind2="0" tag="650">
      <subfield code="a">Truth.</subfield>
    </datafield>
    <datafield ind1=" " ind2="7" tag="650">
      <subfield code="a">Truth.</subfield>
      <subfield code="2">fast</subfield>
      <subfield code="0">(OCoLC)fst01158235</subfield>
    </datafield>
  </record>
</recordData>
</record>