
<record>
<recordSchema>marcxml</recordSchema>
<recordPacking>xml</recordPacking>
<recordData>
<record xmlns="http://www.loc.gov/MARC21/slim">
    <leader>00000cam a2200000Ki 4500</leader>
    <controlfield tag="001">681576956</controlfield>
    <controlfield tag="008">101115t19141909nyu     o     000 0 eng d</controlfield>
    <datafield ind1="1" ind2=" " tag="100">
      <subfield code="a">James, William,</subfield>
      <subfield code="d">1842-1910.</subfield>
    </datafield>
    <datafield ind1="1" ind2="4" tag="245">
      <subfield code="a">The meaning of truth :</subfield>
      <subfield code="b">a sequel to 'Pragmatism' /</subfield>
      <subfield code="c">by William James.</subfield>
    </datafield>
    <datafield ind1=" " ind2=" " tag="260">
      <subfield code="a">New York :</subfield>
      <subfield code="b">Longmans, Green,</subfield>
      <subfield code="c">1914, ©1909.</subfield>
    </datafield>
    <datafield ind1=" " ind2=" " tag="300">
      <subfield code="a">1 online resource (xxi, 297 pages)</subfield>
    </datafield>
    <datafield ind1="0" ind2=" " tag="505">
      <subfield code="a">I. The function of congnition -- II. The tigers in India -- III. Humanism and truth -- IV. The relation beteen knower and known -- V. The essense of humanism -- VI. A word more about truth -- VII. Professor Pratt on truth -- VIII. The pragmatist account of truth and its misunderstanders -- IX. The meaning of the word truth -- X. The existence of Julius Caesar -- XI. The absolute and the strenuous life -- XII. Professor Hebert on pragmatism -- XIII. Abstractionism and 'Relativismus' -- XIV. Two English critics -- XV. A dialogue.</subfield>
    </datafield>
    <datafield ind1=" " ind2=" " tag="538">
      <subfield code="a">Master and use copy. Digital master created according to Benchmark for Faithful Digital Reproductions of Monographs and Serials, Version 1. Digital Library Federation, December 2002.</subfield>
      <subfield code="u">http://purl.oclc.org/DLF/benchrepro0212</subfield>
      <subfield code="5">MiAaHDL</subfield>
    </datafield>
    <datafield ind1=" " ind2="0" tag="650">
      <subfield code="a">Truth.</subfield>
    </datafield>
    <datafield ind1=" " ind2="0" tag="650">
      <subfield code="a">Reality.</subfield>
    </datafield>
    <datafield ind1=" " ind2="7" tag="650">
      <subfield code="a">Reality.</subfield>
      <subfield code="2">fast</subfield>
      <subfield code="0">(OCoLC)fst01091244</subfield>
    </datafield>
    <datafield ind1=" " ind2="7" tag="650">
      <subfield code="a">Truth.</subfield>
      <subfield code="2">fast</subfield>
      <subfield code="0">(OCoLC)fst01158235</subfield>
    </datafield>
    <datafield ind1="4" ind2="0" tag="856">
      <subfield code="3">Google</subfield>
      <subfield code="u">http://books.google.com/books?id=SwkOAAAAYAAJ</subfield>
    </datafield>
    <datafield ind1="4" ind2="0" tag="856">
      <subfield code="3">HathiTrust Digital Library, Full view</subfield>
      <subfield code="u">http://catalog.hathitrust.org/api/volumes/oclc/5251341.html</subfield>
    </datafield>
  </record>
</recordData>
</record>