
<record>
<recordSchema>marcxml</recordSchema>
<recordPacking>xml</recordPacking>
<recordData>
<record xmlns="http://www.loc.gov/MARC21/slim">
    <leader>00000cam a2200000I  4500</leader>
    <controlfield tag="001">6341977</controlfield>
    <controlfield tag="008">800521s1913    enk      b    001 0 eng c</controlfield>
    <datafield ind1=" " ind2=" " tag="010">
      <subfield code="a">a  16000313 </subfield>
    </datafield>
    <datafield ind1="1" ind2=" " tag="100">
      <subfield code="a">Carr, Herbert Wildon,</subfield>
      <subfield code="d">1857-1931.</subfield>
    </datafield>
    <datafield ind1="1" ind2="4" tag="245">
      <subfield code="a">The problem of truth,</subfield>
      <subfield code="c">by H. Wildon Carr.</subfield>
    </datafield>
    <datafield ind1=" " ind2=" " tag="260">
      <subfield code="a">London,</subfield>
      <subfield code="b">T.C. &amp; E.C. Jack;</subfield>
      <subfield code="a">New York,</subfield>
      <subfield code="b">Dodge Pub. Co.</subfield>
      <subfield code="c">[1913]</subfield>
    </datafield>
    <datafield ind1=" " ind2=" " tag="300">
      <subfield code="a">vii, 9-93, [1] pages</subfield>
      <subfield code="c">17 cm.</subfield>
    </datafield>
    <datafield ind1="1" ind2=" " tag="490">
      <subfield code="a">People's books ;</subfield>
      <subfield code="v">71</subfield>
    </datafield>
    <datafield ind1="0" ind2=" " tag="505">
      <subfield code="a">Ch. I. Physics and metaphysics -- Ch. II. Appearance and reality -- Ch. III. The logical theories -- Ch. IV. The absolute -- Ch. V. Pragmatism -- Ch. VI. Utility -- Ch. VII. Illusion -- Ch. VIII. The problem of error -- Ch. IX. Conclusion</subfield>
    </datafield>
    <datafield ind1=" " ind2=" " tag="520">
      <subfield code="a">A problem of philosophy is completely different from a problem of science. In science we accept our subject-matter as it is presented in unanalysed experience ; in philosophy we examine the first principles and ultimate questions that concern conscious experience itself. The problem of truth is a problem of philosophy. -- Preface.</subfield>
    </datafield>
    <datafield ind1=" " ind2="0" tag="650">
      <subfield code="a">Truth.</subfield>
    </datafield>
    <datafield ind1=" " ind2="0" tag="650">
      <subfield code="a">Knowledge, Theory of.</subfield>
    </datafield>
    <datafield ind1=" " ind2="7" tag="650">
      <subfield code="a">Knowledge, Theory of.</subfield>
      <subfield code="2">fast</subfield>
      <subfield code="0">(OCoLC)fst00988194</subfield>
    </datafield>
    <datafield ind1=" " ind2="7" tag="650">
      <subfield code="a">Truth.</subfield>
      <subfield code="2">fast</subfield>
      <subfield code="0">(OCoLC)fst01158235</subfield>
    </datafield>
    <datafield ind1="4" ind2="1" tag="856">
      <subfield code="u">http://link.library.utoronto.ca/eir/EIRdetail.cfm?Resources__ID=507434&amp;T=F</subfield>
    </datafield>
  </record>
</recordData>
</record>