
<record>
<recordSchema>marcxml</recordSchema>
<recordPacking>xml</recordPacking>
<recordData>
<record xmlns="http://www.loc.gov/MARC21/slim">
    <leader>00000cam a2200000M  4500</leader>
    <controlfield tag="001">506450965</controlfield>
    <controlfield tag="008">040607s1901    ilu           000 0 eng d</controlfield>
    <datafield ind1="0" ind2="0" tag="245">
      <subfield code="a">Truth.</subfield>
      <subfield code="n">No. 3.</subfield>
    </datafield>
    <datafield ind1=" " ind2=" " tag="260">
      <subfield code="a">Chicago :</subfield>
      <subfield code="b">John J. Snyder,</subfield>
      <subfield code="c">©1901.</subfield>
    </datafield>
    <datafield ind1=" " ind2=" " tag="300">
      <subfield code="a">32 pages</subfield>
    </datafield>
    <datafield ind1=" " ind2="0" tag="650">
      <subfield code="a">Theology</subfield>
      <subfield code="x">Study and teaching.</subfield>
    </datafield>
    <datafield ind1=" " ind2="0" tag="650">
      <subfield code="a">Christian education.</subfield>
    </datafield>
    <datafield ind1=" " ind2="0" tag="650">
      <subfield code="a">Truth</subfield>
      <subfield code="x">Religious aspects.</subfield>
    </datafield>
    <datafield ind1=" " ind2="7" tag="650">
      <subfield code="a">Christian education.</subfield>
      <subfield code="2">fast</subfield>
      <subfield code="0">(OCoLC)fst00859019</subfield>
    </datafield>
    <datafield ind1=" " ind2="7" tag="650">
      <subfield code="a">Theology</subfield>
      <subfield code="x">Study and teaching.</subfield>
      <subfield code="2">fast</subfield>
      <subfield code="0">(OCoLC)fst01149592</subfield>
    </datafield>
    <datafield ind1=" " ind2="7" tag="650">
      <subfield code="a">Truth</subfield>
      <subfield code="x">Religious aspects.</subfield>
      <subfield code="2">fast</subfield>
      <subfield code="0">(OCoLC)fst01158245</subfield>
    </datafield>
  </record>
</recordData>
</record>