
<record>
<recordSchema>marcxml</recordSchema>
<recordPacking>xml</recordPacking>
<recordData>
<record xmlns="http://www.loc.gov/MARC21/slim">
    <leader>00000cam a2200000Mu 4500</leader>
    <controlfield tag="001">1087363499</controlfield>
    <controlfield tag="008">190221s19uu    nju      b    000 0 eng d</controlfield>
    <datafield ind1="1" ind2=" " tag="100">
      <subfield code="a">Pitcher, George, ed.</subfield>
    </datafield>
    <datafield ind1="1" ind2="0" tag="245">
      <subfield code="a">Truth.</subfield>
    </datafield>
    <datafield ind1=" " ind2=" " tag="260">
      <subfield code="a">Englewood Cliffs, N.J., Prentice-Hall</subfield>
      <subfield code="c">[©1964]</subfield>
    </datafield>
    <datafield ind1=" " ind2=" " tag="300">
      <subfield code="a">118 pages</subfield>
      <subfield code="c">22 cm</subfield>
    </datafield>
    <datafield ind1="0" ind2=" " tag="490">
      <subfield code="a">Contemporary perspectives in philosophy series</subfield>
    </datafield>
    <datafield ind1=" " ind2="0" tag="650">
      <subfield code="a">Truth.</subfield>
    </datafield>
    <datafield ind1=" " ind2="7" tag="650">
      <subfield code="a">Truth.</subfield>
      <subfield code="2">fast</subfield>
      <subfield code="0">(OCoLC)fst01158235</subfield>
    </datafield>
  </record>
</recordData>
</record>