
<record>
<recordSchema>marcxml</recordSchema>
<recordPacking>xml</recordPacking>
<recordData>
<record xmlns="http://www.loc.gov/MARC21/slim">
    <leader>00000cim a2200000Ia 4500</leader>
    <controlfield tag="001">884525918</controlfield>
    <controlfield tag="008">140724s19uu    flunnnn o      l  n eng d</controlfield>
    <datafield ind1="1" ind2=" " tag="100">
      <subfield code="a">Sproul, R. C.</subfield>
      <subfield code="q">(Robert Charles),</subfield>
      <subfield code="d">1939-2017.</subfield>
    </datafield>
    <datafield ind1="1" ind2="0" tag="245">
      <subfield code="a">Truth /</subfield>
      <subfield code="c">R.C. Sproul.</subfield>
    </datafield>
    <datafield ind1=" " ind2=" " tag="260">
      <subfield code="a">Orlando, FL :</subfield>
      <subfield code="b">Ligonier Ministries,</subfield>
      <subfield code="c">[19--]</subfield>
    </datafield>
    <datafield ind1=" " ind2=" " tag="300">
      <subfield code="a">1 online resource (4 sound files)</subfield>
    </datafield>
    <datafield ind1=" " ind2=" " tag="538">
      <subfield code="a">Mode of access: World Wide Web.</subfield>
    </datafield>
    <datafield ind1=" " ind2=" " tag="538">
      <subfield code="a">System requirements: MP3 compatible player.</subfield>
    </datafield>
    <datafield ind1="0" ind2=" " tag="505">
      <subfield code="a">What Is truth? -- A world without truth -- Suppressing the truth -- The great divide.</subfield>
    </datafield>
    <datafield ind1=" " ind2=" " tag="520">
      <subfield code="a">Dr. Sproul focuses on the importance of truth in our thinking, speech and arguments, and adds that the Hebrew concept also includes integrity in living. He notes the widespread aversion to the truth presented in Christian doctrines, and points out God's severe judgment against suppressing the truth.--Ligonier website.</subfield>
    </datafield>
    <datafield ind1=" " ind2="0" tag="650">
      <subfield code="a">Truth</subfield>
      <subfield code="x">Religious aspects</subfield>
      <subfield code="x">Christianity.</subfield>
    </datafield>
    <datafield ind1=" " ind2="0" tag="650">
      <subfield code="a">Religion</subfield>
      <subfield code="x">Philosophy.</subfield>
    </datafield>
    <datafield ind1=" " ind2="7" tag="650">
      <subfield code="a">Religion</subfield>
      <subfield code="x">Philosophy.</subfield>
      <subfield code="2">fast</subfield>
      <subfield code="0">(OCoLC)fst01093794</subfield>
    </datafield>
    <datafield ind1=" " ind2="7" tag="650">
      <subfield code="a">Truth</subfield>
      <subfield code="x">Religious aspects</subfield>
      <subfield code="x">Christianity.</subfield>
      <subfield code="2">fast</subfield>
      <subfield code="0">(OCoLC)fst01158248</subfield>
    </datafield>
    <datafield ind1="2" ind2=" " tag="710">
      <subfield code="a">Ligonier Ministries.</subfield>
    </datafield>
    <datafield ind1="4" ind2="0" tag="856">
      <subfield code="3">1 streaming sound file (MP3)</subfield>
      <subfield code="u">http://www.masters.edu/masternet/fac/library/Sproul_Truth_01_WhatIsTruth.mp3</subfield>
      <subfield code="z">- What Is truth?</subfield>
    </datafield>
    <datafield ind1="4" ind2="0" tag="856">
      <subfield code="3">1 streaming sound file (MP3)</subfield>
      <subfield code="u">http://www.masters.edu/masternet/fac/library/Sproul_Truth_02_WorldWithoutTruth.mp3</subfield>
      <subfield code="z">- A world without truth</subfield>
    </datafield>
    <datafield ind1="4" ind2="0" tag="856">
      <subfield code="3">1 streaming sound file (MP3)</subfield>
      <subfield code="u">http://www.masters.edu/masternet/fac/library/Sproul_Truth_03_SuppressingTheTruth.mp3</subfield>
      <subfield code="z">- Suppressing the truth</subfield>
    </datafield>
    <datafield ind1="4" ind2="0" tag="856">
      <subfield code="3">1 streaming sound file (MP3)</subfield>
      <subfield code="u">http://www.masters.edu/masternet/fac/library/Sproul_Truth_04_GreatDivide.mp3</subfield>
      <subfield code="z">- The great divide</subfield>
    </datafield>
  </record>
</recordData>
</record>