
<record>
<recordSchema>marcxml</recordSchema>
<recordPacking>xml</recordPacking>
<recordData>
<record xmlns="http://www.loc.gov/MARC21/slim">
    <leader>00000cam a2200000I  4500</leader>
    <controlfield tag="001">1034571</controlfield>
    <controlfield tag="008">741008s1917    enk           000 0 eng d</controlfield>
    <datafield ind1=" " ind2=" " tag="010">
      <subfield code="a">a  18002055 </subfield>
    </datafield>
    <datafield ind1="1" ind2=" " tag="100">
      <subfield code="a">Thompson, Silvanus P.</subfield>
      <subfield code="q">(Silvanus Phillips),</subfield>
      <subfield code="d">1851-1916.</subfield>
    </datafield>
    <datafield ind1="1" ind2="8" tag="245">
      <subfield code="a">... The quest for truth,</subfield>
      <subfield code="c">by Silvanus P. Thompson ...</subfield>
    </datafield>
    <datafield ind1=" " ind2=" " tag="260">
      <subfield code="a">London,</subfield>
      <subfield code="b">for the Woodbrooke extension committee by Headley Bros.,</subfield>
      <subfield code="c">1917.</subfield>
    </datafield>
    <datafield ind1=" " ind2=" " tag="300">
      <subfield code="a">128 pages</subfield>
      <subfield code="c">19 cm.</subfield>
    </datafield>
    <datafield ind1="1" ind2=" " tag="490">
      <subfield code="a">Swarthmore lecture,</subfield>
      <subfield code="v">1915</subfield>
    </datafield>
    <datafield ind1=" " ind2=" " tag="500">
      <subfield code="a">Series title also at head of t.p.</subfield>
    </datafield>
    <datafield ind1=" " ind2="0" tag="650">
      <subfield code="a">Truth.</subfield>
    </datafield>
    <datafield ind1=" " ind2="7" tag="650">
      <subfield code="a">Truth.</subfield>
      <subfield code="2">fast</subfield>
      <subfield code="0">(OCoLC)fst01158235</subfield>
    </datafield>
  </record>
</recordData>
</record>