
<record>
<recordSchema>marcxml</recordSchema>
<recordPacking>xml</recordPacking>
<recordData>
<record xmlns="http://www.loc.gov/MARC21/slim">
    <leader>00000cam a2200000Ii 4500</leader>
    <controlfield tag="001">23963367</controlfield>
    <controlfield tag="008">910620q19001983cou     c     000 0 eng d</controlfield>
    <datafield ind1=" " ind2=" " tag="010">
      <subfield code="a">nuc87711260 </subfield>
    </datafield>
    <datafield ind1="1" ind2=" " tag="100">
      <subfield code="a">Rusticus.</subfield>
    </datafield>
    <datafield ind1="1" ind2="0" tag="245">
      <subfield code="a">Remarks on a late pamphlet entitled Plain truth /</subfield>
      <subfield code="c">by Rusticus.</subfield>
    </datafield>
    <datafield ind1=" " ind2=" " tag="260">
      <subfield code="a">Philadelphia :</subfield>
      <subfield code="b">Dunlap,</subfield>
      <subfield code="c">1776.</subfield>
    </datafield>
    <datafield ind1=" " ind2=" " tag="300">
      <subfield code="a">31 pages ;</subfield>
      <subfield code="c">21 cm.</subfield>
    </datafield>
    <datafield ind1="1" ind2=" " tag="490">
      <subfield code="a">Library of Thomas Jefferson</subfield>
    </datafield>
    <datafield ind1=" " ind2=" " tag="500">
      <subfield code="a">Signatures, B⁴, B-D⁴.</subfield>
    </datafield>
    <datafield ind1=" " ind2=" " tag="500">
      <subfield code="a">Dated: New-Jersey, May 8th, 1776.</subfield>
    </datafield>
    <datafield ind1=" " ind2=" " tag="500">
      <subfield code="a">Reviews the discussion between Candidus and Thomas Paine, and proposes that, to secure the rights of the American colonies, "no act of the British Parliament, such only excepted as respect the regulations of our external commerce, shall be valid in America until approved and passed by a Continental Congress."</subfield>
    </datafield>
    <datafield ind1=" " ind2=" " tag="500">
      <subfield code="a">Master microform held by: McE.</subfield>
    </datafield>
    <datafield ind1="1" ind2="0" tag="600">
      <subfield code="a">Chalmers, James,</subfield>
      <subfield code="d">1727?-1806.</subfield>
      <subfield code="t">Plain truth.</subfield>
    </datafield>
    <datafield ind1="1" ind2="0" tag="600">
      <subfield code="a">Paine, Thomas,</subfield>
      <subfield code="d">1737-1809.</subfield>
      <subfield code="t">Common sense.</subfield>
    </datafield>
    <datafield ind1="0" ind2="7" tag="630">
      <subfield code="a">Common sense (Paine, Thomas)</subfield>
      <subfield code="2">fast</subfield>
      <subfield code="0">(OCoLC)fst01357815</subfield>
    </datafield>
    <datafield ind1=" " ind2="0" tag="651">
      <subfield code="a">United States</subfield>
      <subfield code="x">Politics and government</subfield>
      <subfield code="y">1775-1783.</subfield>
    </datafield>
    <datafield ind1=" " ind2="7" tag="650">
      <subfield code="a">Politics and government.</subfield>
      <subfield code="2">fast</subfield>
      <subfield code="0">(OCoLC)fst01919741</subfield>
    </datafield>
    <datafield ind1=" " ind2="7" tag="651">
      <subfield code="a">United States.</subfield>
      <subfield code="2">fast</subfield>
      <subfield code="0">(OCoLC)fst01204155</subfield>
    </datafield>
  </record>
</recordData>
</record>