
<record>
<recordSchema>marcxml</recordSchema>
<recordPacking>xml</recordPacking>
<recordData>
<record xmlns="http://www.loc.gov/MARC21/slim">
    <leader>00000cam a2200000Ma 4500</leader>
    <controlfield tag="001">1096225803</controlfield>
    <controlfield tag="008">950119s1676    enk           000 0 eng d</controlfield>
    <datafield ind1="1" ind2=" " tag="100">
      <subfield code="a">Marvell, Andrew,</subfield>
      <subfield code="d">1621-1678.</subfield>
    </datafield>
    <datafield ind1="1" ind2="0" tag="245">
      <subfield code="a">Mr. Smirke: or, The divine in mode :</subfield>
      <subfield code="b">being certain annotations, upon the Animadversions on the Naked truth. Together with a short historical essay, concerning general councils, creeds, and impositions, in matters of religion. /</subfield>
      <subfield code="c">by Andreas Rivetus, Junior. Anagr. Res Nuda Veritas.</subfield>
    </datafield>
    <datafield ind1=" " ind2=" " tag="260">
      <subfield code="a">[London :</subfield>
      <subfield code="b">s.n.],</subfield>
      <subfield code="c">1676.</subfield>
    </datafield>
    <datafield ind1=" " ind2=" " tag="300">
      <subfield code="a">76 pages ;</subfield>
      <subfield code="c">20 cm.</subfield>
    </datafield>
    <datafield ind1=" " ind2=" " tag="500">
      <subfield code="a">Andreas Rivetus, Junior = Andrew Marvell.</subfield>
    </datafield>
    <datafield ind1=" " ind2=" " tag="500">
      <subfield code="a">In defence of The naked truth, by Herbert Croft, Bishop of Hereford, from the attacks of Francis Turner, Bishop of Ely, in his Animadversions upon a late pamphlet entituled The naked truth.</subfield>
    </datafield>
    <datafield ind1=" " ind2=" " tag="500">
      <subfield code="a">The pages between 64 and 63 are numbered 62 and 61.</subfield>
    </datafield>
    <datafield ind1=" " ind2=" " tag="500">
      <subfield code="a">One of 3 versions: this edition has 'Mr. Smirke:' whereas another has: 'Mr. Smirke;'.</subfield>
    </datafield>
    <datafield ind1=" " ind2=" " tag="500">
      <subfield code="a">Text is continuous despite pagination and register.</subfield>
    </datafield>
    <datafield ind1=" " ind2=" " tag="500">
      <subfield code="a">Other works are bound in the same volume.</subfield>
    </datafield>
    <datafield ind1="1" ind2="0" tag="600">
      <subfield code="a">Turner, Francis,</subfield>
      <subfield code="d">1638?-1700.</subfield>
      <subfield code="t">Animadversions upon a late pamphlet entituled The naked truth</subfield>
      <subfield code="x">Early works to 1800.</subfield>
    </datafield>
    <datafield ind1="1" ind2="0" tag="600">
      <subfield code="a">Croft, Herbert,</subfield>
      <subfield code="d">1603-1691.</subfield>
      <subfield code="t">Naked truth.</subfield>
    </datafield>
    <datafield ind1=" " ind2="0" tag="650">
      <subfield code="a">Christianity</subfield>
      <subfield code="v">Early works to 1800.</subfield>
    </datafield>
    <datafield ind1="2" ind2=" " tag="710">
      <subfield code="a">Community of the Resurrection (Mirfield),</subfield>
      <subfield code="e">provenance.</subfield>
    </datafield>
    <datafield ind1="1" ind2="8" tag="773">
      <subfield code="w">9958408507601381</subfield>
    </datafield>
  </record>
</recordData>
</record>