
<record>
<recordSchema>marcxml</recordSchema>
<recordPacking>xml</recordPacking>
<recordData>
<record xmlns="http://www.loc.gov/MARC21/slim">
    <leader>00000cam a2200000Ma 4500</leader>
    <controlfield tag="001">62805507</controlfield>
    <controlfield tag="008">810501s1765    riu     o     000 0 eng d</controlfield>
    <datafield ind1="1" ind2=" " tag="100">
      <subfield code="a">Allen, Timothy,</subfield>
      <subfield code="d">1715-1806.</subfield>
    </datafield>
    <datafield ind1="1" ind2="0" tag="245">
      <subfield code="a">Answer to Pilate's question, (What is truth?) /</subfield>
      <subfield code="c">by Timothy Allen, A.M. and V.D.M.</subfield>
    </datafield>
    <datafield ind1=" " ind2=" " tag="260">
      <subfield code="a">Providence, in New-England :</subfield>
      <subfield code="b">Printed and sold by Sarah and William Goddard, at the post-office.,</subfield>
      <subfield code="c">M. DCC. LXV. [1765]</subfield>
    </datafield>
    <datafield ind1=" " ind2=" " tag="300">
      <subfield code="a">1 online resource (48 pages)</subfield>
    </datafield>
    <datafield ind1=" " ind2=" " tag="500">
      <subfield code="a">Error in paging: p. 6-8 misnumbered 5-7.</subfield>
    </datafield>
    <datafield ind1=" " ind2=" " tag="500">
      <subfield code="a">With an errata slip in some copies.</subfield>
    </datafield>
    <datafield ind1=" " ind2="0" tag="650">
      <subfield code="a">Truth.</subfield>
    </datafield>
    <datafield ind1=" " ind2="7" tag="650">
      <subfield code="a">Truth.</subfield>
      <subfield code="2">fast</subfield>
      <subfield code="0">(OCoLC)fst01158235</subfield>
    </datafield>
    <datafield ind1=" " ind2="4" tag="655">
      <subfield code="a">Electronic books.</subfield>
    </datafield>
    <datafield ind1=" " ind2="7" tag="655">
      <subfield code="a">Errata slips (Printing)</subfield>
      <subfield code="2">rbpri</subfield>
    </datafield>
    <datafield ind1="4" ind2="0" tag="856">
      <subfield code="3">Early American Imprints</subfield>
      <subfield code="u">http://opac.newsbank.com/select/evans/9894</subfield>
    </datafield>
    <datafield ind1="4" ind2="0" tag="856">
      <subfield code="u">http://galenet.galegroup.com/servlet/Sabin?af=RN&amp;ae=CY102794050&amp;srchtp=a&amp;ste=14</subfield>
      <subfield code="z">Full text online</subfield>
    </datafield>
    <datafield ind1="4" ind2="0" tag="856">
      <subfield code="u">http://galenet.galegroup.com/servlet/Sabin?af=RN&amp;ae=CY102794050&amp;srchtp=a&amp;ste=14&amp;locID=learn</subfield>
      <subfield code="z">e-Book Sabin Americana</subfield>
    </datafield>
    <datafield ind1="4" ind2="0" tag="856">
      <subfield code="u">http://galenet.galegroup.com/servlet/Sabin?af=RN&amp;ae=CY102794050&amp;srchtp=a&amp;ste=14&amp;locID=los53368</subfield>
      <subfield code="z">Connect to online resource: unlimited concurrent users. Cal Poly Pomona users only</subfield>
    </datafield>
    <datafield ind1="4" ind2="1" tag="856">
      <subfield code="u">http://libproxy.uwyo.edu/login/?url=http://opac.newsbank.com/select/evans/9894</subfield>
      <subfield code="z">View full text</subfield>
    </datafield>
    <datafield ind1="4" ind2="0" tag="856">
      <subfield code="z">VIEW FULL TEXT</subfield>
      <subfield code="u">http://VH7QX3XE2P.search.serialssolutions.com/?V=1.0&amp;L=VH7QX3XE2P&amp;S=AC_T_B&amp;C=Answer%20to%20Pilate%27s%20question%20%28What%20is%20truth%3F%29&amp;T=marc&amp;tab=BOOKS</subfield>
    </datafield>
    <datafield ind1="4" ind2="0" tag="856">
      <subfield code="u">http://www.library.yorku.ca/e/resolver/id/2278530</subfield>
      <subfield code="z">Full text online</subfield>
    </datafield>
    <datafield ind1="4" ind2="0" tag="856">
      <subfield code="3">Google</subfield>
      <subfield code="u">http://books.google.com/books?id=PULE80v2a98C</subfield>
    </datafield>
  </record>
</recordData>
</record>