
<record>
<recordSchema>marcxml</recordSchema>
<recordPacking>xml</recordPacking>
<recordData>
<record xmlns="http://www.loc.gov/MARC21/slim">
    <leader>00000cam a2200000Ia 4500</leader>
    <controlfield tag="001">60129759</controlfield>
    <controlfield tag="008">050503s1863    mau           000 0 eng d</controlfield>
    <datafield ind1="0" ind2="0" tag="245">
      <subfield code="a">Sojourner Truth :</subfield>
      <subfield code="b">the Libyan Sibyl /</subfield>
      <subfield code="c">[Harriet Beecher Stowe.].</subfield>
    </datafield>
    <datafield ind1=" " ind2=" " tag="260">
      <subfield code="a">[Boston, MA] :</subfield>
      <subfield code="b">[Ticknor and Fields],</subfield>
      <subfield code="c">[1863]</subfield>
    </datafield>
    <datafield ind1=" " ind2=" " tag="300">
      <subfield code="a">pages 473-481 ;</subfield>
      <subfield code="c">23 cm</subfield>
    </datafield>
    <datafield ind1=" " ind2=" " tag="500">
      <subfield code="a">Article from: The Atlantic monthly : a magazine of literature, art, and politics. (Vol. 11, no. 66, April, 1863, pp. 473-481). Boston : Ticknor and Fields, 1863.</subfield>
    </datafield>
    <datafield ind1="1" ind2="0" tag="600">
      <subfield code="a">Truth, Sojourner,</subfield>
      <subfield code="d">1799-1883.</subfield>
    </datafield>
    <datafield ind1=" " ind2="0" tag="650">
      <subfield code="a">Slavery</subfield>
      <subfield code="z">United States.</subfield>
    </datafield>
    <datafield ind1="1" ind2="7" tag="600">
      <subfield code="a">Truth, Sojourner,</subfield>
      <subfield code="d">1799-1883</subfield>
      <subfield code="2">fast</subfield>
      <subfield code="0">(OCoLC)fst01851782</subfield>
    </datafield>
    <datafield ind1=" " ind2="7" tag="650">
      <subfield code="a">Slavery.</subfield>
      <subfield code="2">fast</subfield>
      <subfield code="0">(OCoLC)fst01120426</subfield>
    </datafield>
    <datafield ind1=" " ind2="7" tag="651">
      <subfield code="a">United States.</subfield>
      <subfield code="2">fast</subfield>
      <subfield code="0">(OCoLC)fst01204155</subfield>
    </datafield>
    <datafield ind1="1" ind2=" " tag="700">
      <subfield code="a">Stowe, Harriet Beecher,</subfield>
      <subfield code="d">1811-1896.</subfield>
    </datafield>
    <datafield ind1="0" ind2=" " tag="730">
      <subfield code="a">Atlantic monthly (Boston, Mass. : 1857)</subfield>
    </datafield>
  </record>
</recordData>
</record>