
<record>
<recordSchema>marcxml</recordSchema>
<recordPacking>xml</recordPacking>
<recordData>
<record xmlns="http://www.loc.gov/MARC21/slim">
    <leader>00000cam a2200000Ma 4500</leader>
    <controlfield tag="001">51604130</controlfield>
    <controlfield tag="008">010118s1808    ctu     b     000 p eng d</controlfield>
    <datafield ind1="1" ind2=" " tag="100">
      <subfield code="a">Thacher, William.</subfield>
    </datafield>
    <datafield ind1="1" ind2="0" tag="245">
      <subfield code="a">Battle between truth and error :</subfield>
      <subfield code="b">humbly addressed to the candid lovers of truth /</subfield>
      <subfield code="c">by William Thacher.</subfield>
    </datafield>
    <datafield ind1=" " ind2=" " tag="260">
      <subfield code="a">Middletown, Conn. :</subfield>
      <subfield code="b">Printed by T. &amp; J.B. Dunning,</subfield>
      <subfield code="c">1808.</subfield>
    </datafield>
    <datafield ind1=" " ind2=" " tag="300">
      <subfield code="a">48 pages</subfield>
    </datafield>
    <datafield ind1=" " ind2=" " tag="500">
      <subfield code="a">Sabin 95206.</subfield>
    </datafield>
    <datafield ind1=" " ind2="0" tag="650">
      <subfield code="a">Truth</subfield>
      <subfield code="v">Poetry.</subfield>
    </datafield>
    <datafield ind1=" " ind2="7" tag="650">
      <subfield code="a">Truth.</subfield>
      <subfield code="2">fast</subfield>
      <subfield code="0">(OCoLC)fst01158235</subfield>
    </datafield>
    <datafield ind1=" " ind2="7" tag="655">
      <subfield code="a">Poetry.</subfield>
      <subfield code="2">fast</subfield>
      <subfield code="0">(OCoLC)fst01423828</subfield>
    </datafield>
  </record>
</recordData>
</record>