
<record>
<recordSchema>marcxml</recordSchema>
<recordPacking>xml</recordPacking>
<recordData>
<record xmlns="http://www.loc.gov/MARC21/slim">
    <leader>00000cam a2200000Ma 4500</leader>
    <controlfield tag="001">65269673</controlfield>
    <controlfield tag="008">060112s1829    enk     ob    000 0 eng d</controlfield>
    <datafield ind1="1" ind2=" " tag="100">
      <subfield code="a">Thompson, T. Perronet</subfield>
      <subfield code="q">(Thomas Perronet),</subfield>
      <subfield code="d">1783-1869.</subfield>
    </datafield>
    <datafield ind1="1" ind2="4" tag="245">
      <subfield code="a">The article on "Essays on the pursuit of truth."</subfield>
    </datafield>
    <datafield ind1="3" ind2=" " tag="246">
      <subfield code="a">Essays on the pursuit of truth</subfield>
    </datafield>
    <datafield ind1=" " ind2=" " tag="260">
      <subfield code="a">London :</subfield>
      <subfield code="b">Sold by R. Heward,</subfield>
      <subfield code="c">1829</subfield>
      <subfield code="e">(London :</subfield>
      <subfield code="f">T.C. Hansard)</subfield>
    </datafield>
    <datafield ind1=" " ind2=" " tag="300">
      <subfield code="a">1 online resource (15 pages)</subfield>
    </datafield>
    <datafield ind1=" " ind2=" " tag="500">
      <subfield code="a">"Republished from the Westminster Review, No. XXII ..."</subfield>
    </datafield>
    <datafield ind1=" " ind2=" " tag="500">
      <subfield code="a">Attributed to T. Perronet Thompson. -- Cf. NUC pre-1956 imprints.</subfield>
    </datafield>
    <datafield ind1=" " ind2=" " tag="500">
      <subfield code="a">A review of Essays on the pursuit of truth by Samuel Bailey.</subfield>
    </datafield>
    <datafield ind1=" " ind2=" " tag="500">
      <subfield code="a">Reproduction of original from Goldsmiths' Library, University of London.</subfield>
    </datafield>
    <datafield ind1=" " ind2=" " tag="500">
      <subfield code="a">Goldsmiths'-Kress no. 25779.</subfield>
    </datafield>
    <datafield ind1="1" ind2="1" tag="600">
      <subfield code="a">Bailey, Samuel,</subfield>
      <subfield code="d">1791-1870.</subfield>
      <subfield code="t">Essays on the pursuit of truth.</subfield>
    </datafield>
    <datafield ind1=" " ind2="0" tag="650">
      <subfield code="a">Truth.</subfield>
    </datafield>
    <datafield ind1=" " ind2="7" tag="650">
      <subfield code="a">Truth.</subfield>
      <subfield code="2">fast</subfield>
      <subfield code="0">(OCoLC)fst01158235</subfield>
    </datafield>
    <datafield ind1=" " ind2="4" tag="655">
      <subfield code="a">Electronic books.</subfield>
    </datafield>
    <datafield ind1="1" ind2=" " tag="700">
      <subfield code="a">Bailey, Samuel,</subfield>
      <subfield code="d">1791-1870.</subfield>
      <subfield code="t">Essays on the pursuit of truth.</subfield>
    </datafield>
    <datafield ind1="4" ind2="0" tag="856">
      <subfield code="u">http://galenet.galegroup.com/servlet/MOME?af=RN&amp;ae=U104731759&amp;srchtp=a&amp;ste=14&amp;locID=mlin_m_tufts</subfield>
      <subfield code="z">Available via The Making of the Modern World</subfield>
    </datafield>
    <datafield ind1="4" ind2=" " tag="856">
      <subfield code="u">http://www.gale.com/ModernEconomy/</subfield>
      <subfield code="z">Available to subscribing institutions</subfield>
    </datafield>
    <datafield ind1="4" ind2=" " tag="856">
      <subfield code="u">http://galenet.galegroup.com/servlet/MOME?af=RN&amp;ae=U104731759&amp;srchtp=a&amp;ste=14</subfield>
      <subfield code="3">Volltext</subfield>
    </datafield>
    <datafield ind1="4" ind2=" " tag="856">
      <subfield code="u">https://grinnell.idm.oclc.org/login?url=http://galenet.galegroup.com/servlet/MOME?af=RN&amp;ae=U104731759&amp;srchtp=a&amp;ste=14&amp;q=grin67026</subfield>
      <subfield code="z">Access online</subfield>
    </datafield>
    <datafield ind1="4" ind2=" " tag="856">
      <subfield code="u">http://0-galenet.galegroup.com.catalogue.libraries.london.ac.uk/servlet/MOME?af=RN&amp;ae=U104731759&amp;srchtp=a&amp;ste=14&amp;q=ull_ttda</subfield>
      <subfield code="z">Access Making of the Modern World</subfield>
    </datafield>
    <datafield ind1="4" ind2="0" tag="856">
      <subfield code="u">http://www.library.yorku.ca/eresolver/?id=1116389</subfield>
      <subfield code="z">Full text online</subfield>
    </datafield>
  </record>
</recordData>
</record>