
<record>
<recordSchema>marcxml</recordSchema>
<recordPacking>xml</recordPacking>
<recordData>
<record xmlns="http://www.loc.gov/MARC21/slim">
    <leader>00000cam a22000001  4500</leader>
    <controlfield tag="001">1018878</controlfield>
    <controlfield tag="008">740923s1917    enk           000 0 eng  </controlfield>
    <datafield ind1=" " ind2=" " tag="010">
      <subfield code="a">   18001885 </subfield>
    </datafield>
    <datafield ind1="1" ind2=" " tag="100">
      <subfield code="a">Vance, John G.</subfield>
      <subfield code="q">(John Gabriel),</subfield>
      <subfield code="d">1885-</subfield>
    </datafield>
    <datafield ind1="1" ind2="0" tag="245">
      <subfield code="a">Reality and truth;</subfield>
      <subfield code="b">a critical and constructive essay concerning knowledge, certainty, and truth;</subfield>
      <subfield code="c">by John G. Vance.</subfield>
    </datafield>
    <datafield ind1=" " ind2=" " tag="260">
      <subfield code="a">London,</subfield>
      <subfield code="a">New York</subfield>
      <subfield code="b">Longmans, Green and Co.,</subfield>
      <subfield code="c">1917.</subfield>
    </datafield>
    <datafield ind1=" " ind2=" " tag="300">
      <subfield code="a">xii, 344 pages</subfield>
      <subfield code="c">20 cm</subfield>
    </datafield>
    <datafield ind1=" " ind2="0" tag="650">
      <subfield code="a">Knowledge, Theory of.</subfield>
    </datafield>
    <datafield ind1=" " ind2="0" tag="650">
      <subfield code="a">Reality.</subfield>
    </datafield>
    <datafield ind1=" " ind2="0" tag="650">
      <subfield code="a">Truth.</subfield>
    </datafield>
    <datafield ind1=" " ind2="7" tag="650">
      <subfield code="a">Knowledge, Theory of.</subfield>
      <subfield code="2">fast</subfield>
      <subfield code="0">(OCoLC)fst00988194</subfield>
    </datafield>
    <datafield ind1=" " ind2="7" tag="650">
      <subfield code="a">Reality.</subfield>
      <subfield code="2">fast</subfield>
      <subfield code="0">(OCoLC)fst01091244</subfield>
    </datafield>
    <datafield ind1=" " ind2="7" tag="650">
      <subfield code="a">Truth.</subfield>
      <subfield code="2">fast</subfield>
      <subfield code="0">(OCoLC)fst01158235</subfield>
    </datafield>
  </record>
</recordData>
</record>