
<record>
<recordSchema>marcxml</recordSchema>
<recordPacking>xml</recordPacking>
<recordData>
<record xmlns="http://www.loc.gov/MARC21/slim">
    <leader>00000cam a2200000Ma 4500</leader>
    <controlfield tag="001">873626292</controlfield>
    <controlfield tag="008">830413s1652    enk     o     000 0 eng d</controlfield>
    <datafield ind1="1" ind2=" " tag="100">
      <subfield code="a">Stooks, Richard,</subfield>
      <subfield code="d">active 1651-1652.</subfield>
    </datafield>
    <datafield ind1="1" ind2="2" tag="245">
      <subfield code="a">A second champion, or, Companion to truth /</subfield>
      <subfield code="c">Richard Stookes.</subfield>
    </datafield>
    <datafield ind1=" " ind2=" " tag="250">
      <subfield code="a">The second edition corrected and amended</subfield>
      <subfield code="b">whereunto is added A champion catechism by the author.</subfield>
    </datafield>
    <datafield ind1=" " ind2=" " tag="260">
      <subfield code="a">London :</subfield>
      <subfield code="b">Printed and are to be sold by W. Larnar,</subfield>
      <subfield code="c">1652.</subfield>
    </datafield>
    <datafield ind1=" " ind2=" " tag="300">
      <subfield code="a">1 online resource (6 unnumbered pages, 142, that is, 146 pages, 6 unnumbered pages, 14 pages)</subfield>
    </datafield>
    <datafield ind1=" " ind2=" " tag="500">
      <subfield code="a">"Wherein is shewed these particulars or tenets, viz. 1. of miracles, 2. the reasons wherefore so few imbrace the Gospel, 3. of the first covenant and the second covenant, 4. of the father and the son, 5. of heaven, 6. of hell, 7. of glory, 8. of faith, 9. of the Resurrection and the eternal judgement, 10. of visible worship, 11. a post-script."</subfield>
    </datafield>
    <datafield ind1=" " ind2=" " tag="500">
      <subfield code="a">"A champion catechism, or, A Gospel discovery to children" has special t.p. and separate pagination.</subfield>
    </datafield>
    <datafield ind1=" " ind2=" " tag="500">
      <subfield code="a">Reproduction of original in the Harvard University Library.</subfield>
    </datafield>
    <datafield ind1=" " ind2="0" tag="650">
      <subfield code="a">Truth</subfield>
      <subfield code="x">Religious aspects</subfield>
      <subfield code="x">Christianity.</subfield>
    </datafield>
    <datafield ind1=" " ind2="0" tag="650">
      <subfield code="a">Faith.</subfield>
    </datafield>
    <datafield ind1=" " ind2="7" tag="650">
      <subfield code="a">Faith.</subfield>
      <subfield code="2">fast</subfield>
      <subfield code="0">(OCoLC)fst01198492</subfield>
    </datafield>
    <datafield ind1=" " ind2="7" tag="650">
      <subfield code="a">Truth</subfield>
      <subfield code="x">Religious aspects</subfield>
      <subfield code="x">Christianity.</subfield>
      <subfield code="2">fast</subfield>
      <subfield code="0">(OCoLC)fst01158248</subfield>
    </datafield>
    <datafield ind1="1" ind2="2" tag="700">
      <subfield code="a">Stooks, Richard,</subfield>
      <subfield code="d">active 1651-1652.</subfield>
      <subfield code="t">A champion catechism.</subfield>
    </datafield>
    <datafield ind1="0" ind2="2" tag="730">
      <subfield code="a">Champion catechism.</subfield>
    </datafield>
    <datafield ind1="0" ind2=" " tag="740">
      <subfield code="a">Companion to truth.</subfield>
    </datafield>
    <datafield ind1="4" ind2=" " tag="856">
      <subfield code="3">Early English Books Online</subfield>
      <subfield code="u">http://gateway.proquest.com/openurl?ctx_ver=Z39.88-2003&amp;res_id=xri:eebo&amp;rft_val_fmt=&amp;rft_id=xri:eebo:image:42995</subfield>
    </datafield>
    <datafield ind1="4" ind2=" " tag="856">
      <subfield code="z">Connect to Internet resource</subfield>
      <subfield code="x">EEBO_WingU1-137</subfield>
      <subfield code="u">https://www.lib.uwo.ca/cgi-bin/ezpauthn.cgi?url=http://gateway.proquest.com/openurl?ctx_ver=Z39.88-2003&amp;res_id=xri:eebo&amp;rft_val_fmt=&amp;rft_id=xri:eebo:image:42995</subfield>
    </datafield>
    <datafield ind1="4" ind2="0" tag="856">
      <subfield code="u">http://proxy.library.carleton.ca/login?url=http://gateway.proquest.com/openurl?ctx_ver=Z39.88-2003&amp;res_id=xri:eebo&amp;rft_val_fmt=&amp;rft_id=xri:eebo:image:42995</subfield>
      <subfield code="z">Early English Books Online</subfield>
    </datafield>
    <datafield ind1="4" ind2="0" tag="856">
      <subfield code="u">http://libproxy.uwyo.edu/login/?url=http://gateway.proquest.com/openurl?ctx_ver=Z39.88-2003&amp;res_id=xri:eebo&amp;rft_val_fmt=&amp;rft_id=xri:eebo:image:42995</subfield>
      <subfield code="z">View full text</subfield>
    </datafield>
    <datafield ind1="4" ind2=" " tag="856">
      <subfield code="u">http://www.library.yorku.ca/eresolver/?id=290873</subfield>
    </datafield>
    <datafield ind1="4" ind2="0" tag="856">
      <subfield code="u">https://ezproxy.aub.edu.lb/login?url=http://gateway.proquest.com/openurl?ctx_ver=Z39.88-2003&amp;res_id=xri:eebo&amp;rft_val_fmt=&amp;rft_id=xri:eebo:image:42995</subfield>
      <subfield code="z">Click for access to ebook</subfield>
    </datafield>
  </record>
</recordData>
</record>