
<record>
<recordSchema>marcxml</recordSchema>
<recordPacking>xml</recordPacking>
<recordData>
<record xmlns="http://www.loc.gov/MARC21/slim">
    <leader>00000cam a2200000M  4500</leader>
    <controlfield tag="001">836797748</controlfield>
    <controlfield tag="008">071206s1775    enk     o     000 0 eng d</controlfield>
    <datafield ind1="1" ind2=" " tag="100">
      <subfield code="a">Priestley, Joseph</subfield>
      <subfield code="d">1733-1804</subfield>
      <subfield code="4">aut</subfield>
    </datafield>
    <datafield ind1="1" ind2="3" tag="245">
      <subfield code="a">An examination of Dr. Reid's Inquiry into the human mind on the principles of common sense</subfield>
      <subfield code="b">Dr. Beattie's Essay on the nature and immutability of truth, and Dr. Oswald's Appeal to common sense in behalf of religion. By Joseph Priestley, LL. D. F. R. S.</subfield>
    </datafield>
    <datafield ind1=" " ind2=" " tag="250">
      <subfield code="a">The second edition.</subfield>
    </datafield>
    <datafield ind1=" " ind2="1" tag="264">
      <subfield code="a">London</subfield>
      <subfield code="b">printed for J. Johnson, No. 72, St. Paul's Church-Yard</subfield>
      <subfield code="c">M.DCC.LXXV. [1775]</subfield>
    </datafield>
    <datafield ind1=" " ind2=" " tag="300">
      <subfield code="a">Online-Ressource (lxi,[3],371,[5]p)</subfield>
    </datafield>
    <datafield ind1=" " ind2=" " tag="500">
      <subfield code="a">Crook, PM/363.</subfield>
    </datafield>
    <datafield ind1=" " ind2=" " tag="500">
      <subfield code="a">English Short Title Catalog, T33641.</subfield>
    </datafield>
    <datafield ind1=" " ind2=" " tag="500">
      <subfield code="a">Reproduction of original from British Library.</subfield>
    </datafield>
    <datafield ind1=" " ind2=" " tag="500">
      <subfield code="a">With 2 final leaves being 'A catalogue of books written by Joseph Priestley, ..' ([3]p.) and a list of errata ([1]p.).</subfield>
    </datafield>
    <datafield ind1="1" ind2="0" tag="600">
      <subfield code="a">Beattie, James,</subfield>
      <subfield code="d">1735-1803.</subfield>
      <subfield code="t">Essay on the nature and immutability of truth.</subfield>
    </datafield>
    <datafield ind1="1" ind2="0" tag="600">
      <subfield code="a">Oswald, James,</subfield>
      <subfield code="d">-1793.</subfield>
      <subfield code="t">Appeal to common sense.</subfield>
    </datafield>
    <datafield ind1="1" ind2="0" tag="600">
      <subfield code="a">Reid, Thomas,</subfield>
      <subfield code="d">1710-1796.</subfield>
      <subfield code="t">Inquiry into the human mind.</subfield>
    </datafield>
    <datafield ind1=" " ind2="0" tag="650">
      <subfield code="a">Philosophy, Scottish.</subfield>
    </datafield>
    <datafield ind1="0" ind2="7" tag="630">
      <subfield code="a">Inquiry into the human mind (Reid, Thomas)</subfield>
      <subfield code="2">fast</subfield>
      <subfield code="0">(OCoLC)fst01357371</subfield>
    </datafield>
    <datafield ind1=" " ind2="7" tag="650">
      <subfield code="a">Philosophy, Scottish.</subfield>
      <subfield code="2">fast</subfield>
      <subfield code="0">(OCoLC)fst01061111</subfield>
    </datafield>
    <datafield ind1="4" ind2="0" tag="856">
      <subfield code="u">http://find.galegroup.com/ecco/infomark.do?contentSet=ECCOArticles&amp;docType=ECCOArticles&amp;bookId=0742401700&amp;type=getFullCitation&amp;tabID=T001&amp;prodId=ECCO&amp;docLevel=TEXT_GRAPHICS&amp;version=1.0&amp;source=library</subfield>
      <subfield code="q">text/html</subfield>
      <subfield code="x">Verlag</subfield>
      <subfield code="z">Full text online</subfield>
      <subfield code="z">Deutschlandweit zugänglich</subfield>
      <subfield code="3">Volltext</subfield>
    </datafield>
    <datafield ind1="4" ind2=" " tag="856">
      <subfield code="u">http://find.galegroup.com/ecco/infomark.do?contentSet=ECCOArticles&amp;docType=ECCOArticles&amp;bookId=0742401700&amp;type=getFullCitation&amp;tabID=T001&amp;prodId=ECCO&amp;docLevel=TEXT_GRAPHICS&amp;version=1.0</subfield>
      <subfield code="z">Uni Basel / Uni Bern: Volltext</subfield>
    </datafield>
  </record>
</recordData>
</record>