
<record>
<recordSchema>marcxml</recordSchema>
<recordPacking>xml</recordPacking>
<recordData>
<record xmlns="http://www.loc.gov/MARC21/slim">
    <leader>00000cam a2200000Ma 4500</leader>
    <controlfield tag="001">62811903</controlfield>
    <controlfield tag="008">820614s1768    mau     o     000 0 eng d</controlfield>
    <datafield ind1="1" ind2=" " tag="100">
      <subfield code="a">Hutchinson, Aaron,</subfield>
      <subfield code="d">1724-1800.</subfield>
    </datafield>
    <datafield ind1="1" ind2="2" tag="245">
      <subfield code="a">A reply to the Remarks of the Rev. Mr. John Tucker, Pastor of the First Church in Newbury, on a sermon preached at Newbury-Port, April 23. 1767. Intitled Valour for the truth. /</subfield>
      <subfield code="c">by Aaron Hutchinson, A.M. Pastor of the church in Grafton, the author of said sermon. ; [Seven lines of Scripture texts].</subfield>
    </datafield>
    <datafield ind1=" " ind2=" " tag="260">
      <subfield code="a">Boston, New-England :</subfield>
      <subfield code="b">Printed and sold by Thomas &amp; John Fleet, in Cornhill :</subfield>
      <subfield code="b">Sold also by Bulkeley Emerson in Newbury-Port, and Abijah Bond, in Concord.,</subfield>
      <subfield code="c">1768.</subfield>
    </datafield>
    <datafield ind1=" " ind2=" " tag="300">
      <subfield code="a">1 online resource (54, [2] pages).</subfield>
    </datafield>
    <datafield ind1="0" ind2=" " tag="490">
      <subfield code="a">Eighteenth century collections online.</subfield>
    </datafield>
    <datafield ind1=" " ind2=" " tag="500">
      <subfield code="a">Errata statement, p. [55].</subfield>
    </datafield>
    <datafield ind1="1" ind2="0" tag="600">
      <subfield code="a">Tucker, John,</subfield>
      <subfield code="d">1719-1792.</subfield>
      <subfield code="t">Remarks on a sermon of the Rev. Aaron Hutchinson.</subfield>
    </datafield>
    <datafield ind1="1" ind2="0" tag="600">
      <subfield code="a">Hutchinson, Aaron,</subfield>
      <subfield code="d">1724-1800.</subfield>
      <subfield code="t">Valour for the truth.</subfield>
    </datafield>
    <datafield ind1=" " ind2="0" tag="650">
      <subfield code="a">Arminianism.</subfield>
    </datafield>
    <datafield ind1=" " ind2="0" tag="650">
      <subfield code="a">Calvinism.</subfield>
    </datafield>
    <datafield ind1=" " ind2="7" tag="650">
      <subfield code="a">Arminianism.</subfield>
      <subfield code="2">fast</subfield>
      <subfield code="0">(OCoLC)fst00814830</subfield>
    </datafield>
    <datafield ind1=" " ind2="7" tag="650">
      <subfield code="a">Calvinism.</subfield>
      <subfield code="2">fast</subfield>
      <subfield code="0">(OCoLC)fst00844591</subfield>
    </datafield>
    <datafield ind1=" " ind2="4" tag="655">
      <subfield code="a">Electronic books.</subfield>
    </datafield>
    <datafield ind1=" " ind2="7" tag="655">
      <subfield code="a">Addresses.</subfield>
      <subfield code="2">rbgenr</subfield>
    </datafield>
    <datafield ind1=" " ind2="0" tag="655">
      <subfield code="a">Electronic book.</subfield>
    </datafield>
    <datafield ind1="4" ind2="0" tag="856">
      <subfield code="3">Early American Imprints</subfield>
      <subfield code="u">http://opac.newsbank.com/select/evans/10932</subfield>
    </datafield>
    <datafield ind1="4" ind2="0" tag="856">
      <subfield code="u">http://galenet.galegroup.com/servlet/Sabin?af=RN&amp;ae=CY105506130&amp;srchtp=a&amp;ste=14</subfield>
      <subfield code="z">Full text online</subfield>
    </datafield>
    <datafield ind1="4" ind2="0" tag="856">
      <subfield code="u">http://find.galegroup.com/ecco/infomark.do?contentSet=ECCOArticles&amp;docType=ECCOArticles&amp;bookId=1418000300&amp;type=getFullCitation&amp;tabID=T001&amp;prodId=ECCO&amp;docLevel=TEXT_GRAPHICS&amp;version=1.0&amp;source=library&amp;userGroupName=norm94900</subfield>
      <subfield code="z">Full text online</subfield>
    </datafield>
    <datafield ind1="4" ind2="0" tag="856">
      <subfield code="u">http://find.galegroup.com/ecco/infomark.do?contentSet=ECCOArticles&amp;docType=ECCOArticles&amp;bookId=1418000300&amp;type=getFullCitation&amp;tabID=T001&amp;prodId=ECCO&amp;docLevel=TEXT_GRAPHICS&amp;version=1.0&amp;source=library</subfield>
      <subfield code="z">Full text online</subfield>
    </datafield>
    <datafield ind1="4" ind2="0" tag="856">
      <subfield code="u">http://find.galegroup.com/ecco/infomark.do?contentSet=ECCOArticles&amp;docType=ECCOArticles&amp;bookId=1418000300&amp;type=getFullCitation&amp;tabID=T001&amp;prodId=ECCO&amp;docLevel=TEXT_GRAPHICS&amp;version=1.0&amp;source=library&amp;userGroupName=nclivedc</subfield>
      <subfield code="z">Full text online</subfield>
    </datafield>
    <datafield ind1="4" ind2="0" tag="856">
      <subfield code="u">http://galenet.galegroup.com/servlet/Sabin?af=RN&amp;ae=CY105506130&amp;srchtp=a&amp;ste=14&amp;locID=mlin_m_brandeis</subfield>
    </datafield>
    <datafield ind1="4" ind2="0" tag="856">
      <subfield code="u">http://find.galegroup.com/ecco/infomark.do?contentSet=ECCOArticles&amp;docType=ECCOArticles&amp;bookId=1418000300&amp;type=getFullCitation&amp;tabID=T001&amp;prodId=ECCO&amp;docLevel=TEXT_GRAPHICS&amp;version=1.0&amp;source=library&amp;userGroupName=uvictoria</subfield>
    </datafield>
    <datafield ind1="4" ind2="0" tag="856">
      <subfield code="u">http://0-find.galegroup.com.biblio.eui.eu/ecco/infomark.do?contentSet=ECCOArticles&amp;docType=ECCOArticles&amp;bookId=1418000300&amp;type=getFullCitation&amp;tabID=T001&amp;prodId=ECCO&amp;docLevel=TEXT_GRAPHICS&amp;version=1.0&amp;source=library&amp;userGroupName=europeo</subfield>
      <subfield code="z">Full-text</subfield>
    </datafield>
    <datafield ind1="4" ind2="0" tag="856">
      <subfield code="u">http://galenet.galegroup.com/servlet/Sabin?af=RN&amp;ae=CY105506130&amp;srchtp=a&amp;ste=14&amp;locID=los53368</subfield>
      <subfield code="z">Connect to online resource: unlimited concurrent users. Cal Poly Pomona users only</subfield>
    </datafield>
    <datafield ind1="4" ind2="0" tag="856">
      <subfield code="u">http://find.galegroup.com/ecco/infomark.do?contentSet=ECCOArticles&amp;docType=ECCOArticles&amp;bookId=1418000300&amp;type=getFullCitation&amp;tabID=T001&amp;prodId=ECCO&amp;docLevel=TEXT_GRAPHICS&amp;version=1.0&amp;source=library&amp;userGroupName=ucmerced</subfield>
      <subfield code="z">Full text online</subfield>
    </datafield>
    <datafield ind1="4" ind2="0" tag="856">
      <subfield code="u">http://find.galegroup.com/ecco/infomark.do?contentSet=ECCOArticles&amp;docType=ECCOArticles&amp;bookId=1418000300&amp;type=getFullCitation&amp;tabID=T001&amp;prodId=ECCO&amp;docLevel=TEXT_GRAPHICS&amp;version=1.0&amp;source=library&amp;userGroupName=sunybuff_main</subfield>
      <subfield code="z">Full text online</subfield>
    </datafield>
    <datafield ind1="4" ind2="0" tag="856">
      <subfield code="u">http://find.galegroup.com/ecco/infomark.do?contentSet=ECCOArticles&amp;docType=ECCOArticles&amp;bookId=1418000300&amp;type=getFullCitation&amp;tabID=T001&amp;prodId=ECCO&amp;docLevel=TEXT_GRAPHICS&amp;version=1.0&amp;source=library&amp;userGroupName=mlin_b_bpublic</subfield>
      <subfield code="y">Full text online</subfield>
    </datafield>
    <datafield ind1="4" ind2="0" tag="856">
      <subfield code="u">http://proxy.library.carleton.ca/login?url=http://find.galegroup.com/ecco/infomark.do?contentSet=ECCOArticles&amp;docType=ECCOArticles&amp;bookId=1418000300&amp;type=getFullCitation&amp;tabID=T001&amp;prodId=ECCO&amp;docLevel=TEXT_GRAPHICS&amp;version=1.0&amp;source=library&amp;userGroupName=ocul_carleton</subfield>
      <subfield code="z">Eighteenth Century Collections Online</subfield>
    </datafield>
    <datafield ind1="4" ind2="0" tag="856">
      <subfield code="z">Full text available from Eighteenth century collections online</subfield>
      <subfield code="u">http://find.galegroup.com/ecco/infomark.do?contentSet=ECCOArticles&amp;docType=ECCOArticles&amp;bookId=1418000300&amp;type=getFullCitation&amp;tabID=T001&amp;prodId=ECCO&amp;docLevel=TEXT_GRAPHICS&amp;version=1.0&amp;source=library&amp;userGroupName=new67449</subfield>
      <subfield code="z">Rutgers restricted</subfield>
    </datafield>
    <datafield ind1="4" ind2="1" tag="856">
      <subfield code="u">http://libproxy.uwyo.edu/login/?url=http://opac.newsbank.com/select/evans/10932</subfield>
      <subfield code="z">View full text</subfield>
    </datafield>
    <datafield ind1="4" ind2="0" tag="856">
      <subfield code="z">VIEW FULL TEXT</subfield>
      <subfield code="u">http://VH7QX3XE2P.search.serialssolutions.com/?V=1.0&amp;L=VH7QX3XE2P&amp;S=AC_T_B&amp;C=Reply%20to%20the%20Remarks%20of%20the%20Rev.%20Mr.%20John%20Tucker%20%3A%20pastor%20of%20the%20First%20Church%20in%20Newbury%2C%20on%20a%20sermon%20preached%20at%20Newbury-Port%2C%20April%2023.%201767.%20intitled%20Valour%20for%20the%20truth&amp;T=marc&amp;tab=BOOKS</subfield>
    </datafield>
    <datafield ind1="4" ind2="0" tag="856">
      <subfield code="u">http://www.library.yorku.ca/e/resolver/id/2206859</subfield>
      <subfield code="z">Full text online</subfield>
    </datafield>
    <datafield ind1="4" ind2="0" tag="856">
      <subfield code="u">http://www.library.yorku.ca/e/resolver/id/2299034</subfield>
      <subfield code="z">Full text online</subfield>
    </datafield>
    <datafield ind1="4" ind2="0" tag="856">
      <subfield code="u">http://find.galegroup.com/ecco/infomark.do?contentSet=ECCOArticles&amp;docType=ECCOArticles&amp;bookId=1418000300&amp;type=getFullCitation&amp;tabID=T001&amp;prodId=ECCO&amp;docLevel=TEXT_GRAPHICS&amp;version=1.0&amp;source=library&amp;userGroupName=aub</subfield>
      <subfield code="z">Click to connect to online resource</subfield>
    </datafield>
    <datafield ind1="4" ind2="0" tag="856">
      <subfield code="u">http://find.galegroup.com.ezproxy.aub.edu.lb/ecco/infomark.do?contentSet=ECCOArticles&amp;docType=ECCOArticles&amp;bookId=1418000300&amp;type=getFullCitation&amp;tabID=T001&amp;prodId=ECCO&amp;docLevel=TEXT_GRAPHICS&amp;version=1.0&amp;source=library&amp;userGroupName=aub</subfield>
      <subfield code="z">Click to connect to online resource (off-campus access)</subfield>
    </datafield>
    <datafield ind1="4" ind2="0" tag="856">
      <subfield code="3">Alberta Government Library Access</subfield>
      <subfield code="u">http://galenet.galegroup.com/servlet/Sabin?af=RN&amp;ae=CY105506130&amp;srchtp=a&amp;ste=14&amp;locID=edmo74244</subfield>
      <subfield code="z">from Gale (Sabin Americana 1500-1926)</subfield>
    </datafield>
    <datafield ind1="4" ind2="0" tag="856">
      <subfield code="3">Burman University Access</subfield>
      <subfield code="u">http://galenet.galegroup.com/servlet/Sabin?af=RN&amp;ae=CY105506130&amp;srchtp=a&amp;ste=14&amp;locID=coll69983</subfield>
      <subfield code="z">from Gale (Sabin Americana 1500-1926)</subfield>
    </datafield>
    <datafield ind1="4" ind2="0" tag="856">
      <subfield code="3">Concordia University of Edmonton Access</subfield>
      <subfield code="u">http://galenet.galegroup.com/servlet/Sabin?af=RN&amp;ae=CY105506130&amp;srchtp=a&amp;ste=14&amp;locID=edmo91404</subfield>
      <subfield code="z">from Gale (Sabin Americana 1500-1926)</subfield>
    </datafield>
    <datafield ind1="4" ind2="0" tag="856">
      <subfield code="3">Grande Prairie Regional College Access</subfield>
      <subfield code="u">http://galenet.galegroup.com/servlet/Sabin?af=RN&amp;ae=CY105506130&amp;srchtp=a&amp;ste=14&amp;locID=gran24258</subfield>
      <subfield code="z">from Gale (Sabin Americana 1500-1926)</subfield>
    </datafield>
    <datafield ind1="4" ind2="0" tag="856">
      <subfield code="3">Keyano College Access</subfield>
      <subfield code="u">http://galenet.galegroup.com/servlet/Sabin?af=RN&amp;ae=CY105506130&amp;srchtp=a&amp;ste=14&amp;locID=fort17418</subfield>
      <subfield code="z">from Gale (Sabin Americana 1500-1926)</subfield>
    </datafield>
    <datafield ind1="4" ind2="0" tag="856">
      <subfield code="3">King's University Access</subfield>
      <subfield code="u">http://galenet.galegroup.com/servlet/Sabin?af=RN&amp;ae=CY105506130&amp;srchtp=a&amp;ste=14&amp;locID=edmo87711</subfield>
      <subfield code="z">from Gale (Sabin Americana 1500-1926)</subfield>
    </datafield>
    <datafield ind1="4" ind2="0" tag="856">
      <subfield code="3">Lakeland College Access</subfield>
      <subfield code="u">http://galenet.galegroup.com/servlet/Sabin?af=RN&amp;ae=CY105506130&amp;srchtp=a&amp;ste=14&amp;locID=verm86332</subfield>
      <subfield code="z">from Gale (Sabin Americana 1500-1926)</subfield>
    </datafield>
    <datafield ind1="4" ind2="0" tag="856">
      <subfield code="3">MacEwan University Access</subfield>
      <subfield code="u">http://galenet.galegroup.com/servlet/Sabin?af=RN&amp;ae=CY105506130&amp;srchtp=a&amp;ste=14&amp;locID=edmo87290</subfield>
      <subfield code="z">from Gale (Sabin Americana 1500-1926)</subfield>
    </datafield>
    <datafield ind1="4" ind2="0" tag="856">
      <subfield code="3">NorQuest College Access</subfield>
      <subfield code="u">http://galenet.galegroup.com/servlet/Sabin?af=RN&amp;ae=CY105506130&amp;srchtp=a&amp;ste=14&amp;locID=edmo88243</subfield>
      <subfield code="z">from Gale (Sabin Americana 1500-1926)</subfield>
    </datafield>
    <datafield ind1="4" ind2="0" tag="856">
      <subfield code="3">Northern Lakes College Access</subfield>
      <subfield code="u">http://galenet.galegroup.com/servlet/Sabin?af=RN&amp;ae=CY105506130&amp;srchtp=a&amp;ste=14&amp;locID=grou83395</subfield>
      <subfield code="z">from Gale (Sabin Americana 1500-1926)</subfield>
    </datafield>
    <datafield ind1="4" ind2="0" tag="856">
      <subfield code="3">Olds College Access</subfield>
      <subfield code="u">http://galenet.galegroup.com/servlet/Sabin?af=RN&amp;ae=CY105506130&amp;srchtp=a&amp;ste=14&amp;locID=olds23843</subfield>
      <subfield code="z">from Gale (Sabin Americana 1500-1926)</subfield>
    </datafield>
    <datafield ind1="4" ind2="0" tag="856">
      <subfield code="3">Red Deer College Access</subfield>
      <subfield code="u">http://galenet.galegroup.com/servlet/Sabin?af=RN&amp;ae=CY105506130&amp;srchtp=a&amp;ste=14&amp;locID=red68720</subfield>
      <subfield code="z">from Gale (Sabin Americana 1500-1926)</subfield>
    </datafield>
    <datafield ind1="4" ind2="0" tag="856">
      <subfield code="3">University of Alberta Access</subfield>
      <subfield code="u">http://galenet.galegroup.com/servlet/Sabin?af=RN&amp;ae=CY105506130&amp;srchtp=a&amp;ste=14&amp;locID=edmo69826</subfield>
      <subfield code="z">from Gale (Sabin Americana 1500-1926)</subfield>
    </datafield>
  </record>
</recordData>
</record>