
<record>
<recordSchema>marcxml</recordSchema>
<recordPacking>xml</recordPacking>
<recordData>
<record xmlns="http://www.loc.gov/MARC21/slim">
    <leader>00000cam a2200000Ma 4500</leader>
    <controlfield tag="001">1049092007</controlfield>
    <controlfield tag="008">850419s1641    enk     a     000 0 eng d</controlfield>
    <datafield ind1="1" ind2=" " tag="100">
      <subfield code="a">Brooke, Robert Greville,</subfield>
      <subfield code="c">Baron,</subfield>
      <subfield code="d">1607-1643.</subfield>
    </datafield>
    <datafield ind1="1" ind2="4" tag="245">
      <subfield code="a">The nature of truth, its union and unity with the soule :</subfield>
      <subfield code="b">which is one in its essence, faculties, acts, one with truth /</subfield>
      <subfield code="c">discussed by the Right Honorable Robert Lord Brook, in a letter to a private friend ; by whom it is now published for the publick good.</subfield>
    </datafield>
    <datafield ind1=" " ind2=" " tag="260">
      <subfield code="a">London :</subfield>
      <subfield code="b">Printed by R. Bishop, for Samuel Cartwright ...,</subfield>
      <subfield code="c">1641.</subfield>
    </datafield>
    <datafield ind1=" " ind2=" " tag="300">
      <subfield code="a">[20], 189 pages</subfield>
    </datafield>
    <datafield ind1=" " ind2=" " tag="500">
      <subfield code="a">Reproduction of original in British Library.</subfield>
    </datafield>
    <datafield ind1=" " ind2="0" tag="650">
      <subfield code="a">Truth.</subfield>
    </datafield>
    <datafield ind1=" " ind2="0" tag="650">
      <subfield code="a">Soul.</subfield>
    </datafield>
    <datafield ind1=" " ind2="7" tag="650">
      <subfield code="a">Soul.</subfield>
      <subfield code="2">fast</subfield>
      <subfield code="0">(OCoLC)fst01432098</subfield>
    </datafield>
    <datafield ind1=" " ind2="7" tag="650">
      <subfield code="a">Truth.</subfield>
      <subfield code="2">fast</subfield>
      <subfield code="0">(OCoLC)fst01158235</subfield>
    </datafield>
    <datafield ind1="0" ind2=" " tag="740">
      <subfield code="a">Nature of truth.</subfield>
    </datafield>
    <datafield ind1="4" ind2="1" tag="856">
      <subfield code="u">http://hdl.library.upenn.edu/1017.12/274202</subfield>
      <subfield code="z">Connect to full text</subfield>
    </datafield>
    <datafield ind1="4" ind2="0" tag="856">
      <subfield code="u">http://ezproxy.library.yorku.ca/login?url=https://search.proquest.com/docview/2240927294</subfield>
    </datafield>
  </record>
</recordData>
</record>