
<record>
<recordSchema>marcxml</recordSchema>
<recordPacking>xml</recordPacking>
<recordData>
<record xmlns="http://www.loc.gov/MARC21/slim">
    <leader>00000cam a2200000Ka 4500</leader>
    <controlfield tag="001">890907291</controlfield>
    <controlfield tag="008">140919s1919    onc     o     000 0 eng d</controlfield>
    <datafield ind1=" " ind2=" " tag="020">
      <subfield code="z">0665790562</subfield>
    </datafield>
    <datafield ind1=" " ind2=" " tag="020">
      <subfield code="z">9780665790560</subfield>
    </datafield>
    <datafield ind1="1" ind2=" " tag="100">
      <subfield code="a">Mackintosh, Hugh Fraser,</subfield>
      <subfield code="d">1862-1929?</subfield>
    </datafield>
    <datafield ind1="1" ind2="4" tag="245">
      <subfield code="a">The Catholic Truth Society :</subfield>
      <subfield code="b">its history and objects /</subfield>
      <subfield code="c">by Hugh Fraser Mackintosh.</subfield>
    </datafield>
    <datafield ind1=" " ind2=" " tag="260">
      <subfield code="a">Toronto :</subfield>
      <subfield code="b">Catholic Truth Society,</subfield>
      <subfield code="c">1919.</subfield>
    </datafield>
    <datafield ind1=" " ind2=" " tag="300">
      <subfield code="a">1 online resource.</subfield>
    </datafield>
    <datafield ind1="1" ind2=" " tag="490">
      <subfield code="a">CIHM/ICMH Microfiche series = CIHM/ICMH collection de microfiches ;</subfield>
      <subfield code="v">no. 79056</subfield>
    </datafield>
    <datafield ind1=" " ind2=" " tag="500">
      <subfield code="a">[18] p. ; 18 cm.</subfield>
    </datafield>
    <datafield ind1=" " ind2=" " tag="538">
      <subfield code="a">Master and use copy. Digital master created according to Benchmark for Faithful Digital Reproductions of Monographs and Serials, Version 1. Digital Library Federation, December 2002.</subfield>
      <subfield code="u">http://purl.oclc.org/DLF/benchrepro0212</subfield>
      <subfield code="5">MiAaHDL</subfield>
    </datafield>
    <datafield ind1="2" ind2="0" tag="610">
      <subfield code="a">Catholic Truth Society of Canada.</subfield>
    </datafield>
    <datafield ind1="2" ind2="0" tag="610">
      <subfield code="a">Catholic Church</subfield>
      <subfield code="x">Societies, etc.</subfield>
    </datafield>
    <datafield ind1="2" ind2="6" tag="610">
      <subfield code="a">Catholic Truth Society of Canada.</subfield>
    </datafield>
    <datafield ind1="2" ind2="6" tag="610">
      <subfield code="a">Église catholique</subfield>
      <subfield code="x">Associations.</subfield>
    </datafield>
    <datafield ind1="2" ind2="7" tag="610">
      <subfield code="a">Catholic Church.</subfield>
      <subfield code="2">fast</subfield>
      <subfield code="0">(OCoLC)fst00531720</subfield>
    </datafield>
    <datafield ind1="2" ind2="7" tag="610">
      <subfield code="a">Catholic Truth Society of Canada.</subfield>
      <subfield code="2">fast</subfield>
      <subfield code="0">(OCoLC)fst00775458</subfield>
    </datafield>
    <datafield ind1=" " ind2="7" tag="650">
      <subfield code="a">Societies.</subfield>
      <subfield code="2">fast</subfield>
      <subfield code="0">(OCoLC)fst01123785</subfield>
    </datafield>
    <datafield ind1="2" ind2=" " tag="710">
      <subfield code="a">Catholic Truth Society of Canada.</subfield>
    </datafield>
    <datafield ind1="4" ind2="0" tag="856">
      <subfield code="3">HathiTrust Digital Library, Full view</subfield>
      <subfield code="u">http://catalog.hathitrust.org/api/volumes/oclc/861676778.html</subfield>
    </datafield>
    <datafield ind1="4" ind2="0" tag="856">
      <subfield code="3">Internet Archive</subfield>
      <subfield code="u">https://archive.org/details/cihm_79056</subfield>
    </datafield>
    <datafield ind1="4" ind2="2" tag="856">
      <subfield code="u">https://openlibrary.org/books/OL19284951M</subfield>
      <subfield code="z">Additional information and access via Open Library</subfield>
    </datafield>
    <datafield ind1="4" ind2="0" tag="856">
      <subfield code="z">Free Access</subfield>
      <subfield code="u">http://ebooks.library.ualberta.ca/local/cihm_79056</subfield>
    </datafield>
  </record>
</recordData>
</record>