
<record>
<recordSchema>marcxml</recordSchema>
<recordPacking>xml</recordPacking>
<recordData>
<record xmlns="http://www.loc.gov/MARC21/slim">
    <leader>00000cam a2200000Ia 4500</leader>
    <controlfield tag="001">61857179</controlfield>
    <controlfield tag="008">051007s1676    enk           000 0 eng d</controlfield>
    <datafield ind1="1" ind2=" " tag="100">
      <subfield code="a">Burnet, Gilbert,</subfield>
      <subfield code="d">1643-1715.</subfield>
    </datafield>
    <datafield ind1="1" ind2="2" tag="245">
      <subfield code="a">A modest survey of the most considerable things in a discourse lately published, entitled Naked truth :</subfield>
      <subfield code="b">written in a letter to a friend.</subfield>
    </datafield>
    <datafield ind1=" " ind2=" " tag="250">
      <subfield code="a">The second ed.</subfield>
    </datafield>
    <datafield ind1=" " ind2=" " tag="260">
      <subfield code="a">London :</subfield>
      <subfield code="b">Printed for Moses Pitt ...,</subfield>
      <subfield code="c">1676.</subfield>
    </datafield>
    <datafield ind1=" " ind2=" " tag="300">
      <subfield code="a">[2], 29, [1] pages ;</subfield>
      <subfield code="c">20 cm (4to)</subfield>
    </datafield>
    <datafield ind1=" " ind2=" " tag="500">
      <subfield code="a">"Imprimatur, G. Jane. May 26. 1676."</subfield>
    </datafield>
    <datafield ind1=" " ind2=" " tag="500">
      <subfield code="a">Advertisement at the bottom of p. 29.</subfield>
    </datafield>
    <datafield ind1=" " ind2=" " tag="500">
      <subfield code="a">"Not acknowledged by Burnet but assigned to him by Moses Pitt in a printed letter of 1695". J.E.S. Clarke and H.C. Foxcroft. A life of Gilbert Burnet. Cambridge, 1907, p. 524.</subfield>
    </datafield>
    <datafield ind1="1" ind2="0" tag="600">
      <subfield code="a">Croft, Herbert,</subfield>
      <subfield code="d">1603-1691.</subfield>
      <subfield code="t">Naked truth.</subfield>
    </datafield>
    <datafield ind1="2" ind2="0" tag="610">
      <subfield code="a">Church of England</subfield>
      <subfield code="v">Apologetic works.</subfield>
    </datafield>
    <datafield ind1=" " ind2="0" tag="650">
      <subfield code="a">Episcopacy</subfield>
      <subfield code="x">History of doctrines.</subfield>
    </datafield>
    <datafield ind1="2" ind2="7" tag="610">
      <subfield code="a">Church of England.</subfield>
      <subfield code="2">fast</subfield>
      <subfield code="0">(OCoLC)fst00532932</subfield>
    </datafield>
    <datafield ind1=" " ind2="7" tag="650">
      <subfield code="a">Episcopacy</subfield>
      <subfield code="x">History of doctrines.</subfield>
      <subfield code="2">fast</subfield>
      <subfield code="0">(OCoLC)fst00914295</subfield>
    </datafield>
    <datafield ind1=" " ind2="7" tag="655">
      <subfield code="a">Apologetic writings.</subfield>
      <subfield code="2">fast</subfield>
      <subfield code="0">(OCoLC)fst01423698</subfield>
    </datafield>
  </record>
</recordData>
</record>