
<record>
<recordSchema>marcxml</recordSchema>
<recordPacking>xml</recordPacking>
<recordData>
<record xmlns="http://www.loc.gov/MARC21/slim">
    <leader>00000cam a2200000Mi 4500</leader>
    <controlfield tag="001">426068643</controlfield>
    <controlfield tag="008">840217s1811    vtu     o     000 0 eng d</controlfield>
    <datafield ind1="1" ind2=" " tag="100">
      <subfield code="a">Fuller, Andrew,</subfield>
      <subfield code="d">1754-1815.</subfield>
    </datafield>
    <datafield ind1="1" ind2="0" tag="245">
      <subfield code="a">Dialogues, letters, and essays, on various subjects :</subfield>
      <subfield code="b">to which is annexed, an essay on truth : containing an inquiry into its nature and importance, with the causes of error, and the reasons of its being permitted /</subfield>
      <subfield code="c">by Andrew Fuller.</subfield>
    </datafield>
    <datafield ind1=" " ind2=" " tag="250">
      <subfield code="a">2nd American ed.</subfield>
    </datafield>
    <datafield ind1=" " ind2=" " tag="260">
      <subfield code="a">Middlebury, Vt. :</subfield>
      <subfield code="b">Samuel Swift,</subfield>
      <subfield code="c">1811</subfield>
      <subfield code="e">([Middlebury, Vt. :</subfield>
      <subfield code="f">C.T. Strong)]</subfield>
    </datafield>
    <datafield ind1=" " ind2=" " tag="300">
      <subfield code="a">1 online resource (256 pages)</subfield>
    </datafield>
    <datafield ind1=" " ind2="0" tag="650">
      <subfield code="a">Theology, Doctrinal.</subfield>
    </datafield>
    <datafield ind1=" " ind2="0" tag="650">
      <subfield code="a">Truth.</subfield>
    </datafield>
    <datafield ind1=" " ind2="7" tag="650">
      <subfield code="a">Theology, Doctrinal.</subfield>
      <subfield code="2">fast</subfield>
      <subfield code="0">(OCoLC)fst01149617</subfield>
    </datafield>
    <datafield ind1=" " ind2="7" tag="650">
      <subfield code="a">Truth.</subfield>
      <subfield code="2">fast</subfield>
      <subfield code="0">(OCoLC)fst01158235</subfield>
    </datafield>
    <datafield ind1=" " ind2=" " tag="856">
      <subfield code="x">http://www.aladin.wrlc.org/Z-WEB/Aladin?req=db&amp;key=WRL07005AU&amp;url=http://opac.newsbank.com/select/shaw/22877</subfield>
    </datafield>
    <datafield ind1="4" ind2="1" tag="856">
      <subfield code="u">http://opac.newsbank.com/select/shaw/22877</subfield>
    </datafield>
    <datafield ind1="4" ind2="1" tag="856">
      <subfield code="u">http://libproxy.uwyo.edu/login/?url=http://opac.newsbank.com/select/shaw/22877</subfield>
      <subfield code="z">View full text</subfield>
    </datafield>
  </record>
</recordData>
</record>