
<record>
<recordSchema>marcxml</recordSchema>
<recordPacking>xml</recordPacking>
<recordData>
<record xmlns="http://www.loc.gov/MARC21/slim">
    <leader>00000cam a2200000I  4500</leader>
    <controlfield tag="001">6265517</controlfield>
    <controlfield tag="008">800430s1676    enk           000 0 eng d</controlfield>
    <datafield ind1="1" ind2=" " tag="100">
      <subfield code="a">Turner, Francis,</subfield>
      <subfield code="d">1637-1700.</subfield>
    </datafield>
    <datafield ind1="1" ind2="0" tag="245">
      <subfield code="a">Animadversions upon a late pamphlet entituled The naked truth;</subfield>
      <subfield code="b">or, The true state of the primitive church.</subfield>
    </datafield>
    <datafield ind1=" " ind2=" " tag="260">
      <subfield code="a">London,</subfield>
      <subfield code="b">Printed by T.R. and are to be sold by B. Tooke,</subfield>
      <subfield code="c">1676.</subfield>
    </datafield>
    <datafield ind1=" " ind2=" " tag="300">
      <subfield code="a">66 pages</subfield>
      <subfield code="c">22 cm</subfield>
    </datafield>
    <datafield ind1=" " ind2=" " tag="500">
      <subfield code="a">Caption title: Animadversions on the title, the dedication, and epistle to the reader.</subfield>
    </datafield>
    <datafield ind1="2" ind2="0" tag="610">
      <subfield code="a">Church of England</subfield>
      <subfield code="x">Controversial literature.</subfield>
    </datafield>
    <datafield ind1="1" ind2="0" tag="600">
      <subfield code="a">Croft, Herbert,</subfield>
      <subfield code="c">bp. of Hereford,</subfield>
      <subfield code="d">1603-1691.</subfield>
      <subfield code="t">Naked truth.</subfield>
    </datafield>
    <datafield ind1="2" ind2="7" tag="610">
      <subfield code="a">Church of England.</subfield>
      <subfield code="2">fast</subfield>
      <subfield code="0">(OCoLC)fst00532932</subfield>
    </datafield>
    <datafield ind1=" " ind2="7" tag="655">
      <subfield code="a">Controversial literature.</subfield>
      <subfield code="2">fast</subfield>
      <subfield code="0">(OCoLC)fst01423907</subfield>
    </datafield>
    <datafield ind1="0" ind2=" " tag="740">
      <subfield code="a">True state of the primitive church.</subfield>
    </datafield>
  </record>
</recordData>
</record>