
<record>
<recordSchema>marcxml</recordSchema>
<recordPacking>xml</recordPacking>
<recordData>
<record xmlns="http://www.loc.gov/MARC21/slim">
    <leader>00000cam a2200000Mi 4500</leader>
    <controlfield tag="001">54200245</controlfield>
    <controlfield tag="008">851025s1646    enk           000 0 eng d</controlfield>
    <datafield ind1="1" ind2=" " tag="100">
      <subfield code="a">Bowles, Edward,</subfield>
      <subfield code="d">1613-1662.</subfield>
    </datafield>
    <datafield ind1="1" ind2="0" tag="245">
      <subfield code="a">Manifest truth :</subfield>
      <subfield code="b">or an inversion of Thruths manifest. /</subfield>
      <subfield code="c">Containing a narration of the proceedings of the Scottish army, and a vindication of the parliament and Kingdome of England from the false and injurious aspersions cast on them by the author of the said manifest.</subfield>
    </datafield>
    <datafield ind1=" " ind2=" " tag="260">
      <subfield code="a">London :</subfield>
      <subfield code="b">Printed by M.S. for H. Overton and G. Calvert,</subfield>
      <subfield code="c">1646.</subfield>
    </datafield>
    <datafield ind1=" " ind2=" " tag="300">
      <subfield code="a">4 preliminary leaves, 74, 1 leaf ;</subfield>
      <subfield code="c">18 cm</subfield>
    </datafield>
    <datafield ind1="1" ind2="0" tag="600">
      <subfield code="a">Buchanan, David,</subfield>
      <subfield code="d">1595?-1652?</subfield>
      <subfield code="t">Truth is manifest.</subfield>
    </datafield>
    <datafield ind1=" " ind2="0" tag="651">
      <subfield code="a">Great Britain</subfield>
      <subfield code="x">History</subfield>
      <subfield code="y">Civil War, 1642-1649</subfield>
      <subfield code="v">Pamphlets.</subfield>
    </datafield>
    <datafield ind1=" " ind2="0" tag="651">
      <subfield code="a">Scotland</subfield>
      <subfield code="x">Politics and government</subfield>
      <subfield code="y">1625-1649.</subfield>
    </datafield>
    <datafield ind1=" " ind2="4" tag="650">
      <subfield code="a">Brit tracts</subfield>
      <subfield code="y">1646.</subfield>
    </datafield>
    <datafield ind1=" " ind2="7" tag="650">
      <subfield code="a">Politics and government.</subfield>
      <subfield code="2">fast</subfield>
      <subfield code="0">(OCoLC)fst01919741</subfield>
    </datafield>
    <datafield ind1=" " ind2="7" tag="651">
      <subfield code="a">Great Britain.</subfield>
      <subfield code="2">fast</subfield>
      <subfield code="0">(OCoLC)fst01204623</subfield>
    </datafield>
    <datafield ind1=" " ind2="7" tag="651">
      <subfield code="a">Scotland.</subfield>
      <subfield code="2">fast</subfield>
      <subfield code="0">(OCoLC)fst01206715</subfield>
    </datafield>
    <datafield ind1=" " ind2="7" tag="655">
      <subfield code="a">History.</subfield>
      <subfield code="2">fast</subfield>
      <subfield code="0">(OCoLC)fst01411628</subfield>
    </datafield>
    <datafield ind1=" " ind2="7" tag="655">
      <subfield code="a">Pamphlets.</subfield>
      <subfield code="2">fast</subfield>
      <subfield code="0">(OCoLC)fst01423837</subfield>
    </datafield>
  </record>
</recordData>
</record>