
<record>
<recordSchema>marcxml</recordSchema>
<recordPacking>xml</recordPacking>
<recordData>
<record xmlns="http://www.loc.gov/MARC21/slim">
    <leader>00000cam a2200000Ma 4500</leader>
    <controlfield tag="001">976605604</controlfield>
    <controlfield tag="008">820614s1767    mau     b     000 0 eng d</controlfield>
    <datafield ind1="1" ind2=" " tag="100">
      <subfield code="a">Hutchinson, Aaron,</subfield>
      <subfield code="d">1724-1800.</subfield>
    </datafield>
    <datafield ind1="1" ind2="0" tag="245">
      <subfield code="a">Valour for the truth. :</subfield>
      <subfield code="b">In a sermon, for substance, preached in the Presbyterian congregation at Newbury-Port, April 23d, 1767. /</subfield>
      <subfield code="c">By Aaron Hutchinson, A.M. Pastor of the Church of Christ in Grafton. ; Published at the desire of the hearers. ; [Six lines of Scripture texts].</subfield>
    </datafield>
    <datafield ind1=" " ind2=" " tag="260">
      <subfield code="a">Boston. :</subfield>
      <subfield code="b">Printed by W. M'Alpine about mid-way between the governor's, and Dr. Gardiner's, Marlborough-Street.,</subfield>
      <subfield code="c">MDCCLXVII. [1767]</subfield>
    </datafield>
    <datafield ind1=" " ind2=" " tag="300">
      <subfield code="a">26, [2] p. ;</subfield>
      <subfield code="c">22 cm. (8vo)</subfield>
    </datafield>
    <datafield ind1=" " ind2=" " tag="500">
      <subfield code="a">Half-title: Mr. Hutchinson's sermon, delivered at Newbury-Port, April 23d, MDCCLXVII.</subfield>
    </datafield>
    <datafield ind1=" " ind2=" " tag="500">
      <subfield code="a">"Lately published, and to be sold by W. M'Alpine, Marlborough-Street, Boston."--Page [27].</subfield>
    </datafield>
    <datafield ind1=" " ind2="0" tag="650">
      <subfield code="a">Truth</subfield>
      <subfield code="x">Religious aspects</subfield>
      <subfield code="x">Christianity.</subfield>
    </datafield>
    <datafield ind1=" " ind2="7" tag="655">
      <subfield code="a">Sermons</subfield>
      <subfield code="y">1767.</subfield>
      <subfield code="2">rbgenr</subfield>
    </datafield>
    <datafield ind1=" " ind2="7" tag="655">
      <subfield code="a">Booksellers' advertisements</subfield>
      <subfield code="z">Massachusetts</subfield>
      <subfield code="z">Boston.</subfield>
      <subfield code="2">rbgenr</subfield>
    </datafield>
    <datafield ind1=" " ind2="7" tag="650">
      <subfield code="a">Truth</subfield>
      <subfield code="x">Religious aspects</subfield>
      <subfield code="x">Christianity.</subfield>
      <subfield code="2">fast</subfield>
      <subfield code="0">(OCoLC)fst01158248</subfield>
    </datafield>
    <datafield ind1="4" ind2="1" tag="856">
      <subfield code="u">http://link.library.utoronto.ca/eir/EIRdetail.cfm?Resources__ID=185916&amp;T=F</subfield>
    </datafield>
  </record>
</recordData>
</record>