
<record>
<recordSchema>marcxml</recordSchema>
<recordPacking>xml</recordPacking>
<recordData>
<record xmlns="http://www.loc.gov/MARC21/slim">
    <leader>00000cam a2200000Mi 4500</leader>
    <controlfield tag="001">741686854</controlfield>
    <controlfield tag="008">790922s1798    enk     o     000 0 eng  </controlfield>
    <datafield ind1="0" ind2="2" tag="245">
      <subfield code="a">A looking glass for the clergy ; or, some traits of the false prophets, particularly maintenance by force: in reply to a pamphlet lately published by George Markham, Vicar of Carleton entitled "truth for the seekers."</subfield>
      <subfield code="h">Elektronische Daten.</subfield>
    </datafield>
    <datafield ind1=" " ind2=" " tag="250">
      <subfield code="a">The 2nd ed., considerably enl.</subfield>
    </datafield>
    <datafield ind1=" " ind2=" " tag="260">
      <subfield code="a">London :</subfield>
      <subfield code="b">Sold by C. Law, Ave Maria Lane ;</subfield>
      <subfield code="a">And may be had of Wilson, Spence, and Mawman, York ;</subfield>
      <subfield code="a">and J. Binns, Leeds,</subfield>
      <subfield code="c">[1798]</subfield>
    </datafield>
    <datafield ind1=" " ind2=" " tag="300">
      <subfield code="a">1 online resource (Online-Datei ([2], 75, [1] Seiten)</subfield>
    </datafield>
    <datafield ind1=" " ind2=" " tag="500">
      <subfield code="a">Signed at the end: A.L.M. i.e. Thomas Scantlebury and dated 12th Mo. 1797.</subfield>
    </datafield>
    <datafield ind1=" " ind2=" " tag="500">
      <subfield code="a">Price from imprint: price One Shilling and Three-Pence.</subfield>
    </datafield>
    <datafield ind1=" " ind2=" " tag="500">
      <subfield code="a">Reproduction of original from British Library.</subfield>
    </datafield>
    <datafield ind1=" " ind2=" " tag="500">
      <subfield code="a">Eighteenth century collections online.</subfield>
    </datafield>
    <datafield ind1="1" ind2="0" tag="600">
      <subfield code="a">Markham, George.</subfield>
      <subfield code="t">Truth for the seekers.</subfield>
    </datafield>
    <datafield ind1="4" ind2=" " tag="856">
      <subfield code="u">http://find.galegroup.com/ecco/infomark.do?contentSet=ECCOArticles&amp;docType=ECCOArticles&amp;bookId=0585400500&amp;type=getFullCitation&amp;tabID=T001&amp;prodId=ECCO&amp;docLevel=TEXT_GRAPHICS&amp;version=1.0</subfield>
      <subfield code="z">Uni Basel / Uni Bern: Volltext</subfield>
    </datafield>
  </record>
</recordData>
</record>