
<record>
<recordSchema>marcxml</recordSchema>
<recordPacking>xml</recordPacking>
<recordData>
<record xmlns="http://www.loc.gov/MARC21/slim">
    <leader>00000cam a2200000I  4500</leader>
    <controlfield tag="001">4447808</controlfield>
    <controlfield tag="008">781213s1891    nyu           000 0 eng  </controlfield>
    <datafield ind1=" " ind2=" " tag="010">
      <subfield code="a">   09033717 </subfield>
    </datafield>
    <datafield ind1="1" ind2=" " tag="100">
      <subfield code="a">McCosh, James,</subfield>
      <subfield code="d">1811-1894.</subfield>
    </datafield>
    <datafield ind1="1" ind2="4" tag="245">
      <subfield code="a">The tests of the various kinds of truth:</subfield>
      <subfield code="b">being a treatise of applied logic,</subfield>
      <subfield code="c">by James McCosh.</subfield>
    </datafield>
    <datafield ind1=" " ind2=" " tag="260">
      <subfield code="a">New York,</subfield>
      <subfield code="b">C. Scribner,</subfield>
      <subfield code="c">1891.</subfield>
    </datafield>
    <datafield ind1=" " ind2=" " tag="300">
      <subfield code="a">132 pages</subfield>
      <subfield code="c">20 cm</subfield>
    </datafield>
    <datafield ind1="0" ind2=" " tag="505">
      <subfield code="a">I. Truths to be assumed: their nature and tests -- II. Discursive or deductive truth: reasoning -- III. Inductive truths: canons of -- IV. The joint dogmatic and deductive method: the joint inductive and deductive, hypotheses and verification, chance, induction cannot give absolute truth, we know in part -- V. Testimony: is it sufficient to prove the supernatural?.</subfield>
    </datafield>
    <datafield ind1=" " ind2="0" tag="650">
      <subfield code="a">Logic.</subfield>
    </datafield>
    <datafield ind1=" " ind2="0" tag="650">
      <subfield code="a">Truth.</subfield>
    </datafield>
    <datafield ind1=" " ind2="7" tag="650">
      <subfield code="a">Logic.</subfield>
      <subfield code="2">fast</subfield>
      <subfield code="0">(OCoLC)fst01002014</subfield>
    </datafield>
    <datafield ind1=" " ind2="7" tag="650">
      <subfield code="a">Truth.</subfield>
      <subfield code="2">fast</subfield>
      <subfield code="0">(OCoLC)fst01158235</subfield>
    </datafield>
  </record>
</recordData>
</record>