
<record>
<recordSchema>marcxml</recordSchema>
<recordPacking>xml</recordPacking>
<recordData>
<record xmlns="http://www.loc.gov/MARC21/slim">
    <leader>00000cam a2200000Ma 4500</leader>
    <controlfield tag="001">1049082001</controlfield>
    <controlfield tag="008">851031s1646    enk     a     000 0 eng d</controlfield>
    <datafield ind1="1" ind2=" " tag="100">
      <subfield code="a">Calamy, Edmund,</subfield>
      <subfield code="d">1600-1666.</subfield>
    </datafield>
    <datafield ind1="1" ind2="2" tag="245">
      <subfield code="a">A just and necessary apology against an unjust invective published by Mr. Henry Burton in a late book of his entituled, Truth still truth, though shut out of doors /</subfield>
      <subfield code="c">by Edmund Calamy ...</subfield>
    </datafield>
    <datafield ind1=" " ind2=" " tag="260">
      <subfield code="a">London :</subfield>
      <subfield code="b">Printed for Christopher Meredith ...,</subfield>
      <subfield code="c">1646.</subfield>
    </datafield>
    <datafield ind1=" " ind2=" " tag="300">
      <subfield code="a">12 pages</subfield>
    </datafield>
    <datafield ind1=" " ind2=" " tag="500">
      <subfield code="a">Reproduction of original in Union Theological Seminary Library, New York.</subfield>
    </datafield>
    <datafield ind1=" " ind2=" " tag="500">
      <subfield code="a">Marginal notes.</subfield>
    </datafield>
    <datafield ind1="1" ind2="0" tag="600">
      <subfield code="a">Burton, Henry,</subfield>
      <subfield code="d">1578-1648.</subfield>
      <subfield code="t">Truth still truth, though shut out of doors.</subfield>
    </datafield>
    <datafield ind1="4" ind2="1" tag="856">
      <subfield code="u">http://hdl.library.upenn.edu/1017.12/226353</subfield>
      <subfield code="z">Connect to full text</subfield>
    </datafield>
    <datafield ind1="4" ind2="0" tag="856">
      <subfield code="u">http://ezproxy.library.yorku.ca/login?url=https://search.proquest.com/docview/2264184973</subfield>
    </datafield>
  </record>
</recordData>
</record>