
<record>
<recordSchema>marcxml</recordSchema>
<recordPacking>xml</recordPacking>
<recordData>
<record xmlns="http://www.loc.gov/MARC21/slim">
    <leader>00000cam a2200000Ma 4500</leader>
    <controlfield tag="001">182058478</controlfield>
    <controlfield tag="008">940629s1793    enk           000 0 eng d</controlfield>
    <datafield ind1="0" ind2="0" tag="245">
      <subfield code="a">John Bull's answer to Thomas Bull's Pennyworth of truth.</subfield>
    </datafield>
    <datafield ind1=" " ind2=" " tag="260">
      <subfield code="a">London :</subfield>
      <subfield code="b">Sold by James Ridgway,</subfield>
      <subfield code="c">[1793?]</subfield>
    </datafield>
    <datafield ind1=" " ind2=" " tag="300">
      <subfield code="a">8 pages ;</subfield>
      <subfield code="c">21 cm</subfield>
    </datafield>
    <datafield ind1="1" ind2="0" tag="600">
      <subfield code="a">Jones, William,</subfield>
      <subfield code="d">1726-1800.</subfield>
      <subfield code="t">One pennyworth of truth from Thomas Bull to his brother John.</subfield>
    </datafield>
    <datafield ind1="1" ind2=" " tag="700">
      <subfield code="a">Bull, John,</subfield>
      <subfield code="d">active 18th century.</subfield>
    </datafield>
  </record>
</recordData>
</record>