
<record>
<recordSchema>marcxml</recordSchema>
<recordPacking>xml</recordPacking>
<recordData>
<record xmlns="http://www.loc.gov/MARC21/slim">
    <leader>00000cam a2200000Ma 4500</leader>
    <controlfield tag="001">62820318</controlfield>
    <controlfield tag="008">850417s1748    pau     o     000 0 eng d</controlfield>
    <datafield ind1="1" ind2=" " tag="100">
      <subfield code="a">Smith, Samuel,</subfield>
      <subfield code="d">1720-1776.</subfield>
    </datafield>
    <datafield ind1="1" ind2="0" tag="245">
      <subfield code="a">Necessary truth: or Seasonable considerations for the inhabitants of the city of Philadelphia, and province of Pennsylvania. :</subfield>
      <subfield code="b">In relation to the pamphlet call'd Plain truth: and two other writers in the news-paper. : [Six lines from Isaiah].</subfield>
    </datafield>
    <datafield ind1=" " ind2=" " tag="260">
      <subfield code="a">Philadelphia :</subfield>
      <subfield code="b">Printed [by William Bradford],</subfield>
      <subfield code="c">in the year MDCCXLVIII. [1748]</subfield>
    </datafield>
    <datafield ind1=" " ind2=" " tag="300">
      <subfield code="a">1 online resource (16 pages)</subfield>
    </datafield>
    <datafield ind1=" " ind2=" " tag="500">
      <subfield code="a">Expressing the Society of Friends' pacifist stance, in response to Benjamin Franklin's "Plain truth" (Evans 5948).</subfield>
    </datafield>
    <datafield ind1=" " ind2=" " tag="500">
      <subfield code="a">Attributed to Samuel Smith by Hildeburn.</subfield>
    </datafield>
    <datafield ind1=" " ind2=" " tag="500">
      <subfield code="a">Ascribed to the press of William Bradford by Evans.</subfield>
    </datafield>
    <datafield ind1="1" ind2="0" tag="600">
      <subfield code="a">Franklin, Benjamin,</subfield>
      <subfield code="d">1706-1790.</subfield>
      <subfield code="t">Plain truth.</subfield>
    </datafield>
    <datafield ind1=" " ind2="0" tag="650">
      <subfield code="a">Society of Friends</subfield>
      <subfield code="x">Controversial literature.</subfield>
    </datafield>
    <datafield ind1=" " ind2="0" tag="650">
      <subfield code="a">Pacifism.</subfield>
    </datafield>
    <datafield ind1=" " ind2="7" tag="650">
      <subfield code="a">Pacifism.</subfield>
      <subfield code="2">fast</subfield>
      <subfield code="0">(OCoLC)fst01050108</subfield>
    </datafield>
    <datafield ind1=" " ind2="7" tag="650">
      <subfield code="a">Society of Friends.</subfield>
      <subfield code="2">fast</subfield>
      <subfield code="0">(OCoLC)fst01123801</subfield>
    </datafield>
    <datafield ind1=" " ind2="4" tag="655">
      <subfield code="a">Electronic books.</subfield>
    </datafield>
    <datafield ind1=" " ind2="7" tag="655">
      <subfield code="a">Controversial literature.</subfield>
      <subfield code="2">fast</subfield>
      <subfield code="0">(OCoLC)fst01423907</subfield>
    </datafield>
    <datafield ind1="4" ind2="0" tag="856">
      <subfield code="3">Early American Imprints</subfield>
      <subfield code="u">http://opac.newsbank.com/select/evans/6241</subfield>
    </datafield>
    <datafield ind1="4" ind2="1" tag="856">
      <subfield code="u">http://libproxy.uwyo.edu/login/?url=http://opac.newsbank.com/select/evans/6241</subfield>
      <subfield code="z">View full text</subfield>
    </datafield>
  </record>
</recordData>
</record>