
<record>
<recordSchema>marcxml</recordSchema>
<recordPacking>xml</recordPacking>
<recordData>
<record xmlns="http://www.loc.gov/MARC21/slim">
    <leader>00000cam a2200000Ma 4500</leader>
    <controlfield tag="001">606735651</controlfield>
    <controlfield tag="008">860628s1676    enk     o     000 0 eng d</controlfield>
    <datafield ind1="1" ind2=" " tag="100">
      <subfield code="a">Patrick, Simon,</subfield>
      <subfield code="d">1626-1707.</subfield>
    </datafield>
    <datafield ind1="1" ind2="0" tag="245">
      <subfield code="a">Falsehood unmaskt :</subfield>
      <subfield code="b">in answer to a book called Truth unveil'd, which vainly pretends to justify the charge of Mr. Standish against some persons in the Church of England /</subfield>
      <subfield code="c">by a dutiful son of that church.</subfield>
    </datafield>
    <datafield ind1=" " ind2=" " tag="260">
      <subfield code="a">London :</subfield>
      <subfield code="b">Printed for James Magnes and Richard Bentley ...,</subfield>
      <subfield code="c">1676.</subfield>
    </datafield>
    <datafield ind1=" " ind2=" " tag="300">
      <subfield code="a">1 online resource ([2], 25 pages)</subfield>
    </datafield>
    <datafield ind1="1" ind2="0" tag="600">
      <subfield code="a">Anglesey, Arthur Annesley,</subfield>
      <subfield code="c">Earl of,</subfield>
      <subfield code="d">1614-1686.</subfield>
      <subfield code="t">Truth unvailed.</subfield>
    </datafield>
    <datafield ind1="1" ind2="0" tag="600">
      <subfield code="a">Standish, John,</subfield>
      <subfield code="d">-1686.</subfield>
      <subfield code="t">Sermon preached before the King at White-hal, Septem. the 26th, 1675.</subfield>
    </datafield>
    <datafield ind1="1" ind2="4" tag="600">
      <subfield code="a">Standish, John,</subfield>
      <subfield code="d">-1686.</subfield>
    </datafield>
    <datafield ind1="4" ind2="0" tag="856">
      <subfield code="3">Early English Books Online</subfield>
      <subfield code="u">http://gateway.proquest.com/openurl?ctx_ver=Z39.88-2003&amp;res_id=xri:eebo&amp;rft_val_fmt=&amp;rft_id=xri:eebo:image:101892</subfield>
    </datafield>
    <datafield ind1="4" ind2="0" tag="856">
      <subfield code="u">http://proxy.library.carleton.ca/login?url=http://gateway.proquest.com/openurl?ctx_ver=Z39.88-2003&amp;res_id=xri:eebo&amp;rft_val_fmt=&amp;rft_id=xri:eebo:image:101892</subfield>
      <subfield code="z">Early English Books Online</subfield>
    </datafield>
    <datafield ind1="4" ind2="0" tag="856">
      <subfield code="u">http://libproxy.uwyo.edu/login/?url=http://gateway.proquest.com/openurl?ctx_ver=Z39.88-2003&amp;res_id=xri:eebo&amp;rft_val_fmt=&amp;rft_id=xri:eebo:image:101892</subfield>
      <subfield code="z">View full text.</subfield>
    </datafield>
    <datafield ind1="4" ind2=" " tag="856">
      <subfield code="u">http://www.library.yorku.ca/eresolver/?id=287759</subfield>
    </datafield>
    <datafield ind1="4" ind2="0" tag="856">
      <subfield code="u">https://ezproxy.aub.edu.lb/login?url=http://gateway.proquest.com/openurl?ctx_ver=Z39.88-2003&amp;res_id=xri:eebo&amp;rft_val_fmt=&amp;rft_id=xri:eebo:image:101892</subfield>
      <subfield code="z">Click for access to ebook</subfield>
    </datafield>
  </record>
</recordData>
</record>