
<record>
<recordSchema>marcxml</recordSchema>
<recordPacking>xml</recordPacking>
<recordData>
<record xmlns="http://www.loc.gov/MARC21/slim">
    <leader>00000cam a2200000Ma 4500</leader>
    <controlfield tag="001">1087317953</controlfield>
    <controlfield tag="008">851015s1676    enk     a     000 0 eng d</controlfield>
    <datafield ind1="1" ind2=" " tag="100">
      <subfield code="a">Fell, Philip,</subfield>
      <subfield code="d">1632 or 1633-1682.</subfield>
    </datafield>
    <datafield ind1="1" ind2="0" tag="245">
      <subfield code="a">Lex talionis, or, The author of Naked truth stript naked.</subfield>
    </datafield>
    <datafield ind1="3" ind2="0" tag="246">
      <subfield code="a">Author of Naked truth stript naked</subfield>
    </datafield>
    <datafield ind1=" " ind2=" " tag="260">
      <subfield code="a">London :</subfield>
      <subfield code="b">Printed for Henry Brome,</subfield>
      <subfield code="c">1676.</subfield>
    </datafield>
    <datafield ind1=" " ind2=" " tag="300">
      <subfield code="a">[2], 42 p.</subfield>
    </datafield>
    <datafield ind1=" " ind2=" " tag="500">
      <subfield code="a">"First ascribed to Dr. Peter Gunning; afterwards to Dr. William Lloyd; but on better grounds, it is ascribed to Rev. Philip Fell, Fellow of Eton College"--Halkett &amp; Laing (2nd ed.).</subfield>
    </datafield>
    <datafield ind1=" " ind2=" " tag="500">
      <subfield code="a">Reproduction of original in Union Theological Seminary Library, New York.</subfield>
    </datafield>
    <datafield ind1="1" ind2="0" tag="600">
      <subfield code="a">Croft, Herbert,</subfield>
      <subfield code="d">1603-1691.</subfield>
      <subfield code="t">Naked truth.</subfield>
    </datafield>
    <datafield ind1="2" ind2="0" tag="610">
      <subfield code="a">Church of England</subfield>
      <subfield code="v">Apologetic works.</subfield>
    </datafield>
    <datafield ind1="2" ind2="7" tag="610">
      <subfield code="a">Church of England.</subfield>
      <subfield code="2">fast</subfield>
      <subfield code="0">(OCoLC)fst00532932</subfield>
    </datafield>
    <datafield ind1=" " ind2="0" tag="650">
      <subfield code="a">Episcopacy</subfield>
      <subfield code="x">History of doctrines.</subfield>
    </datafield>
    <datafield ind1=" " ind2="7" tag="650">
      <subfield code="a">Episcopacy</subfield>
      <subfield code="x">History of doctrines.</subfield>
      <subfield code="2">fast</subfield>
      <subfield code="0">(OCoLC)fst00914295</subfield>
    </datafield>
    <datafield ind1=" " ind2="7" tag="655">
      <subfield code="a">Apologetic writings.</subfield>
      <subfield code="2">fast</subfield>
      <subfield code="0">(OCoLC)fst01423698</subfield>
    </datafield>
    <datafield ind1="1" ind2=" " tag="700">
      <subfield code="a">Gunning, Peter,</subfield>
      <subfield code="d">1614-1684.</subfield>
    </datafield>
    <datafield ind1="1" ind2=" " tag="700">
      <subfield code="a">Lloyd, William,</subfield>
      <subfield code="d">1627-1717.</subfield>
    </datafield>
    <datafield ind1="0" ind2=" " tag="730">
      <subfield code="a">Early English books online.</subfield>
    </datafield>
  </record>
</recordData>
</record>