
<record>
<recordSchema>marcxml</recordSchema>
<recordPacking>xml</recordPacking>
<recordData>
<record xmlns="http://www.loc.gov/MARC21/slim">
    <leader>00000cam a2200000Ma 4500</leader>
    <controlfield tag="001">1086518363</controlfield>
    <controlfield tag="008">130830s1642    enk     o     000 p eng d</controlfield>
    <datafield ind1="0" ind2="2" tag="245">
      <subfield code="a">A breife replication upon the speciall passages in Sr. Francis Wortleys book :</subfield>
      <subfield code="b">which he dedicates to fame and truth.</subfield>
    </datafield>
    <datafield ind1="3" ind2=" " tag="246">
      <subfield code="a">Brief replication upon the special passages in Sr. Francis Wortleys book</subfield>
    </datafield>
    <datafield ind1=" " ind2=" " tag="260">
      <subfield code="a">Printed at York :</subfield>
      <subfield code="b">By Stephen Bulkley,</subfield>
      <subfield code="c">1642.</subfield>
    </datafield>
    <datafield ind1=" " ind2=" " tag="300">
      <subfield code="a">1 online resource ([7] p.)</subfield>
    </datafield>
    <datafield ind1=" " ind2=" " tag="500">
      <subfield code="a">In verse.</subfield>
    </datafield>
    <datafield ind1=" " ind2=" " tag="500">
      <subfield code="a">At foot of t.p.: Cum Privilegio.</subfield>
    </datafield>
    <datafield ind1=" " ind2=" " tag="500">
      <subfield code="a">Printer's ornament on t.p.; headpiece; initials.</subfield>
    </datafield>
    <datafield ind1=" " ind2=" " tag="500">
      <subfield code="a">Reproduction of original in: Worcester College (University of Oxford). Library.</subfield>
    </datafield>
    <datafield ind1="1" ind2="0" tag="600">
      <subfield code="a">Wortley, Francis,</subfield>
      <subfield code="c">Sir,</subfield>
      <subfield code="d">1591-1652.</subfield>
      <subfield code="t">Lines dedicated to fame and truth</subfield>
      <subfield code="v">Early works to 1800.</subfield>
    </datafield>
    <datafield ind1=" " ind2="0" tag="650">
      <subfield code="a">Poetics</subfield>
      <subfield code="v">Early works to 1800.</subfield>
    </datafield>
    <datafield ind1=" " ind2="7" tag="650">
      <subfield code="a">Poetics.</subfield>
      <subfield code="2">fast</subfield>
      <subfield code="0">(OCoLC)fst01067682</subfield>
    </datafield>
    <datafield ind1=" " ind2="7" tag="655">
      <subfield code="a">Early works.</subfield>
      <subfield code="2">fast</subfield>
      <subfield code="0">(OCoLC)fst01411636</subfield>
    </datafield>
    <datafield ind1="1" ind2=" " tag="700">
      <subfield code="a">Bulkley, Stephen,</subfield>
      <subfield code="d">-1680,</subfield>
      <subfield code="e">printer.</subfield>
    </datafield>
    <datafield ind1="4" ind2="0" tag="856">
      <subfield code="3">Early English Books Online</subfield>
      <subfield code="u">http://gateway.proquest.com/openurl?ctx_ver=Z39.88-2003&amp;res_id=xri:eebo&amp;rft_val_fmt=&amp;rft_id=xri:eebo:image:213179</subfield>
    </datafield>
  </record>
</recordData>
</record>