
<record>
<recordSchema>marcxml</recordSchema>
<recordPacking>xml</recordPacking>
<recordData>
<record xmlns="http://www.loc.gov/MARC21/slim">
    <leader>00000cam a2200000Ma 4500</leader>
    <controlfield tag="001">85795240</controlfield>
    <controlfield tag="008">001221s1835    nyue    o     000 0 eng d</controlfield>
    <datafield ind1="1" ind2=" " tag="100">
      <subfield code="a">Vale, G.</subfield>
      <subfield code="q">(Gilbert),</subfield>
      <subfield code="d">1788-1866.</subfield>
    </datafield>
    <datafield ind1="1" ind2="0" tag="245">
      <subfield code="a">Fanaticism :</subfield>
      <subfield code="b">its source and influence : illustrated by the simple narrative of Isabella, in the case of Matthias, Mr. and Mrs. B. Folger, Mr. Pierson, Mr. Mills, Catherine, Isabella, &amp;c. &amp;c. : a reply to W.L. Stone with descriptive portraits of all the parties, while at Sing-Sing and at Third Street, containing the whole truth and nothing but the truth /</subfield>
      <subfield code="c">by G. Vale.</subfield>
    </datafield>
    <datafield ind1="1" ind2="7" tag="246">
      <subfield code="a">Narrative of Isabella</subfield>
    </datafield>
    <datafield ind1=" " ind2=" " tag="260">
      <subfield code="a">New York :</subfield>
      <subfield code="b">G. Vale,</subfield>
      <subfield code="c">1835.</subfield>
    </datafield>
    <datafield ind1=" " ind2=" " tag="300">
      <subfield code="a">1 online resource (2 volumes) :</subfield>
      <subfield code="b">plan</subfield>
    </datafield>
    <datafield ind1=" " ind2=" " tag="500">
      <subfield code="a">Library's copy imperfect: weak print vol. 1.</subfield>
    </datafield>
    <datafield ind1=" " ind2=" " tag="500">
      <subfield code="a">Reproduction of original from Huntington Library.</subfield>
    </datafield>
    <datafield ind1=" " ind2=" " tag="538">
      <subfield code="a">Master and use copy. Digital master created according to Benchmark for Faithful Digital Reproductions of Monographs and Serials, Version 1. Digital Library Federation, December 2002.</subfield>
      <subfield code="u">http://purl.oclc.org/DLF/benchrepro0212</subfield>
      <subfield code="5">MiAaHDL</subfield>
    </datafield>
    <datafield ind1="1" ind2="0" tag="600">
      <subfield code="a">Truth, Sojourner,</subfield>
      <subfield code="d">1799-1883.</subfield>
    </datafield>
    <datafield ind1="1" ind2="0" tag="600">
      <subfield code="a">Matthews, Robert.</subfield>
    </datafield>
    <datafield ind1=" " ind2="0" tag="650">
      <subfield code="a">Impostors and imposture.</subfield>
    </datafield>
    <datafield ind1=" " ind2="0" tag="650">
      <subfield code="a">Fanaticism.</subfield>
    </datafield>
    <datafield ind1="1" ind2="2" tag="600">
      <subfield code="a">Stone, William L</subfield>
      <subfield code="q">(William Leete),</subfield>
      <subfield code="d">1792-1844.</subfield>
      <subfield code="t">Matthias and his impostures.</subfield>
    </datafield>
    <datafield ind1="1" ind2="7" tag="600">
      <subfield code="a">Truth, Sojourner,</subfield>
      <subfield code="d">1799-1883</subfield>
      <subfield code="2">fast</subfield>
      <subfield code="0">(OCoLC)fst01851782</subfield>
    </datafield>
    <datafield ind1=" " ind2="7" tag="650">
      <subfield code="a">Fanaticism.</subfield>
      <subfield code="2">fast</subfield>
      <subfield code="0">(OCoLC)fst00920631</subfield>
    </datafield>
    <datafield ind1=" " ind2="7" tag="650">
      <subfield code="a">Impostors and imposture.</subfield>
      <subfield code="2">fast</subfield>
      <subfield code="0">(OCoLC)fst00968230</subfield>
    </datafield>
    <datafield ind1=" " ind2="4" tag="655">
      <subfield code="a">Electronic books.</subfield>
    </datafield>
    <datafield ind1="0" ind2=" " tag="730">
      <subfield code="a">Sabin Americana, 1500-1926.</subfield>
    </datafield>
    <datafield ind1="4" ind2="0" tag="856">
      <subfield code="3">HathiTrust Digital Library, Full view</subfield>
      <subfield code="u">http://catalog.hathitrust.org/api/volumes/oclc/17381532.html</subfield>
    </datafield>
    <datafield ind1="4" ind2="0" tag="856">
      <subfield code="u">http://galenet.galegroup.com/servlet/Sabin?af=RN&amp;ae=CY104780216&amp;srchtp=a&amp;ste=14</subfield>
      <subfield code="z">Full text online</subfield>
    </datafield>
    <datafield ind1="4" ind2="0" tag="856">
      <subfield code="u">http://galenet.galegroup.com/servlet/Sabin?af=RN&amp;ae=CY104780216&amp;srchtp=a&amp;ste=14&amp;locID=learn</subfield>
      <subfield code="z">e-Book Sabin Americana</subfield>
    </datafield>
    <datafield ind1="4" ind2="0" tag="856">
      <subfield code="u">http://proxy.library.cpp.edu/login?url=http://galenet.galegroup.com/servlet/Sabin?af=RN&amp;ae=CY104780216&amp;srchtp=a&amp;ste=14&amp;locID=los53368</subfield>
      <subfield code="z">Connect to online resource: unlimited concurrent users. Cal Poly Pomona users only</subfield>
    </datafield>
  </record>
</recordData>
</record>