
<record>
<recordSchema>marcxml</recordSchema>
<recordPacking>xml</recordPacking>
<recordData>
<record xmlns="http://www.loc.gov/MARC21/slim">
    <leader>00000cam a2200000Ia 4500</leader>
    <controlfield tag="001">12062123</controlfield>
    <controlfield tag="008">850521s1684    enk     ac    000 0 eng d</controlfield>
    <datafield ind1="1" ind2=" " tag="100">
      <subfield code="a">Chillingworth, William,</subfield>
      <subfield code="d">1602-1644.</subfield>
    </datafield>
    <datafield ind1="1" ind2="4" tag="245">
      <subfield code="a">The religion of Protestants a safe way to salvation, or, An answer to a book entituled Mercy and truth, or, Charity maintained by Catholicks, which pretends to prove the contrary :</subfield>
      <subfield code="b">together with the apostolical institution of episcopacy : as also Nine sermons, the first preached before His Majesty King Charles the First, the other eight upon special and eminent occasions /</subfield>
      <subfield code="c">by William Chillingworth ... ; to which is added, Mr. Chillingworth's letter to Mr. Lewger to persuade him to return to his mother the Church of England.</subfield>
    </datafield>
    <datafield ind1="3" ind2=" " tag="246">
      <subfield code="a">Religion of Protestants a safe way to salvation</subfield>
    </datafield>
    <datafield ind1="3" ind2=" " tag="246">
      <subfield code="a">Answer to a book entituled Mercy and truth</subfield>
    </datafield>
    <datafield ind1="3" ind2=" " tag="246">
      <subfield code="a">Apostolical institution of episcopacy demonstrated</subfield>
    </datafield>
    <datafield ind1="3" ind2=" " tag="246">
      <subfield code="a">Nine sermons</subfield>
    </datafield>
    <datafield ind1=" " ind2=" " tag="250">
      <subfield code="a">The 5th ed.</subfield>
    </datafield>
    <datafield ind1=" " ind2=" " tag="260">
      <subfield code="a">London :</subfield>
      <subfield code="b">Printed by M.C. :</subfield>
      <subfield code="b">And are to be sold by William Crook and Charles Harper ...,</subfield>
      <subfield code="c">1684.</subfield>
    </datafield>
    <datafield ind1=" " ind2=" " tag="300">
      <subfield code="a">[28], 452 [i.e. 450] pages</subfield>
    </datafield>
    <datafield ind1=" " ind2=" " tag="500">
      <subfield code="a">Reproduction of original in University of Illinois Library.</subfield>
    </datafield>
    <datafield ind1=" " ind2=" " tag="500">
      <subfield code="a">An answer to "Mercy and truth, or, Charity maintained by Catholiques" by Edward Knott [pseud. of Matthew Wilson].</subfield>
    </datafield>
    <datafield ind1=" " ind2=" " tag="500">
      <subfield code="a">"The apostolical institution of episcopacy demonstrated" and "Nine sermons" each has special t.p.</subfield>
    </datafield>
    <datafield ind1=" " ind2=" " tag="500">
      <subfield code="a">Table of contents: p. [8]-[10].</subfield>
    </datafield>
    <datafield ind1=" " ind2=" " tag="500">
      <subfield code="a">Errata: p. [10].</subfield>
    </datafield>
    <datafield ind1="1" ind2="0" tag="600">
      <subfield code="a">Knott, Edward,</subfield>
      <subfield code="d">1582-1656.</subfield>
      <subfield code="t">Mercy and truth.</subfield>
    </datafield>
    <datafield ind1=" " ind2="0" tag="650">
      <subfield code="a">Protestantism</subfield>
      <subfield code="v">Early works to 1800.</subfield>
    </datafield>
    <datafield ind1=" " ind2="0" tag="650">
      <subfield code="a">Episcopacy</subfield>
      <subfield code="v">Early works to 1800.</subfield>
    </datafield>
    <datafield ind1=" " ind2="0" tag="650">
      <subfield code="a">Sermons, English</subfield>
      <subfield code="y">17th century.</subfield>
    </datafield>
    <datafield ind1=" " ind2="7" tag="650">
      <subfield code="a">Episcopacy.</subfield>
      <subfield code="2">fast</subfield>
      <subfield code="0">(OCoLC)fst00914292</subfield>
    </datafield>
    <datafield ind1=" " ind2="7" tag="650">
      <subfield code="a">Protestantism.</subfield>
      <subfield code="2">fast</subfield>
      <subfield code="0">(OCoLC)fst01079920</subfield>
    </datafield>
    <datafield ind1=" " ind2="7" tag="650">
      <subfield code="a">Sermons, English.</subfield>
      <subfield code="2">fast</subfield>
      <subfield code="0">(OCoLC)fst01113250</subfield>
    </datafield>
    <datafield ind1=" " ind2="7" tag="655">
      <subfield code="a">Early works.</subfield>
      <subfield code="2">fast</subfield>
      <subfield code="0">(OCoLC)fst01411636</subfield>
    </datafield>
    <datafield ind1="1" ind2=" " tag="700">
      <subfield code="a">Lewgar, John,</subfield>
      <subfield code="d">1602-1665.</subfield>
    </datafield>
    <datafield ind1="1" ind2="2" tag="700">
      <subfield code="a">Chillingworth, William,</subfield>
      <subfield code="d">1602-1644.</subfield>
      <subfield code="t">Sermons.</subfield>
      <subfield code="k">Selections.</subfield>
    </datafield>
    <datafield ind1="4" ind2="1" tag="856">
      <subfield code="z">Full text available as part of Early English books online (EEBO):</subfield>
      <subfield code="u">http://gateway.proquest.com/openurl?ctx_ver=Z39.88-2003&amp;res_id=xri:eebo&amp;rft_val_fmt=&amp;rft_id=xri:eebo:image:53283</subfield>
      <subfield code="z">Rutgers restricted</subfield>
    </datafield>
    <datafield ind1="4" ind2=" " tag="856">
      <subfield code="u">http://proxy.lib.utk.edu:90/login?url=http://wwwlib.umi.com/eebo/image/53283</subfield>
    </datafield>
  </record>
</recordData>
</record>