
<record>
<recordSchema>marcxml</recordSchema>
<recordPacking>xml</recordPacking>
<recordData>
<record xmlns="http://www.loc.gov/MARC21/slim">
    <leader>00000cam a2200000Ia 4500</leader>
    <controlfield tag="001">318212074</controlfield>
    <controlfield tag="008">090410s1679    enk     a     000 0 eng d</controlfield>
    <datafield ind1="1" ind2=" " tag="100">
      <subfield code="a">Smith, Stephen,</subfield>
      <subfield code="d">1623-1678.</subfield>
    </datafield>
    <datafield ind1="1" ind2="2" tag="245">
      <subfield code="a">A testimony for the truth and against deceit &amp; deceivers :</subfield>
      <subfield code="b">with a reproof unto those who are not faithful to the truth which they are convinced of /</subfield>
      <subfield code="c">by Stephen Smith.</subfield>
    </datafield>
    <datafield ind1=" " ind2=" " tag="260">
      <subfield code="a">[London? :</subfield>
      <subfield code="b">s.n.],</subfield>
      <subfield code="c">Printed in the year 1679.</subfield>
    </datafield>
    <datafield ind1=" " ind2=" " tag="300">
      <subfield code="a">[24], 358, [4] p.</subfield>
    </datafield>
    <datafield ind1=" " ind2=" " tag="500">
      <subfield code="a">Place of publication suggested by Wing (2nd ed.).</subfield>
    </datafield>
    <datafield ind1=" " ind2=" " tag="500">
      <subfield code="a">Errors in paging: p. 192 misnumbered 129; p. 355 misnumbered 335.</subfield>
    </datafield>
    <datafield ind1=" " ind2=" " tag="500">
      <subfield code="a">Imperfect: stained and tightly bound with loss of text.</subfield>
    </datafield>
    <datafield ind1=" " ind2=" " tag="500">
      <subfield code="a">Reproduction of original in: Haverford College Library.</subfield>
    </datafield>
    <datafield ind1=" " ind2="0" tag="650">
      <subfield code="a">Society of Friends</subfield>
      <subfield code="x">Doctrines</subfield>
      <subfield code="v">Early works to 1800.</subfield>
    </datafield>
    <datafield ind1=" " ind2="0" tag="650">
      <subfield code="a">Truth</subfield>
      <subfield code="x">Quaker authors</subfield>
      <subfield code="v">Early works to 1800.</subfield>
    </datafield>
    <datafield ind1=" " ind2="7" tag="650">
      <subfield code="a">Society of Friends</subfield>
      <subfield code="x">Doctrines.</subfield>
      <subfield code="2">fast</subfield>
      <subfield code="0">(OCoLC)fst01123809</subfield>
    </datafield>
    <datafield ind1=" " ind2="7" tag="655">
      <subfield code="a">Early works.</subfield>
      <subfield code="2">fast</subfield>
      <subfield code="0">(OCoLC)fst01411636</subfield>
    </datafield>
  </record>
</recordData>
</record>